<?xml version="1.0" encoding="UTF-8"?>
<!DOCTYPE html PUBLIC "-//W3C//DTD XHTML 1.0 Transitional//EN"
    "http://www.w3.org/TR/xhtml1/DTD/xhtml1-transitional.dtd">
<html xmlns="http://www.w3.org/1999/xhtml" xml:lang="en" lang="en">
 <head>
  <title>
</title>
<meta http-equiv="Content-Type" content="text/html;charset=utf-8" />
  <meta name='ocr-system' content='tesseract 3.04.00' />
  <meta name='ocr-capabilities' content='ocr_page ocr_carea ocr_par ocr_line ocrx_word'/>
</head>
<body>
  <div class='ocr_page' id='page_1' title='image "./operarecensuitri05libauoft/operarecensuitri05libauoft_0070.png"; bbox 0 0 2054 3192; ppageno 0'>
   <div class='ocr_carea' id='block_1_1' title="bbox 199 76 1401 165">
    <p class='ocr_par' dir='ltr' id='par_1_1' title="bbox 199 76 1401 165">
     <span class='ocr_line' id='line_1_1' title="bbox 199 76 1401 165; baseline -0.001 -10"><span class='ocrx_word' id='word_1_1' title='bbox 199 113 271 165; x_wconf 87' lang='lat'><em>60</em></span> <span class='ocrx_word' id='word_1_2' title='bbox 694 111 922 156; x_wconf 83' lang='lat' dir='ltr'><strong>LIBANH</strong></span> <span class='ocrx_word' id='word_1_3' title='bbox 951 76 1339 156; x_wconf 80' lang='lat' dir='ltr'>DECLAMATIO</span> <span class='ocrx_word' id='word_1_4' title='bbox 1379 111 1401 154; x_wconf 92' lang='lat'>1</span> 
     </span>
    </p>
   </div>
   <div class='ocr_carea' id='block_1_2' title="bbox 108 246 1899 2002">
    <p class='ocr_par' dir='ltr' id='par_1_2' title="bbox 108 246 1899 2002">
     <span class='ocr_line' id='line_1_2' title="bbox 200 246 1892 318; baseline -0.001 -17"><span class='ocrx_word' id='word_1_5' title='bbox 200 251 465 317; x_wconf 88' lang='grc' dir='ltr'><em>λοίπαμεν</em></span> <span class='ocrx_word' id='word_1_6' title='bbox 518 256 582 318; x_wconf 77' lang='grc' dir='ltr'><em>τῇ</em></span> <span class='ocrx_word' id='word_1_7' title='bbox 637 250 885 318; x_wconf 74' lang='grc' dir='ltr'><em>πολιτείᾳ</em></span> <span class='ocrx_word' id='word_1_8' title='bbox 938 247 1310 318; x_wconf 79' lang='grc' dir='ltr'><em>προσάγοντες</em></span> <span class='ocrx_word' id='word_1_9' title='bbox 1370 246 1533 310; x_wconf 81' lang='grc' dir='ltr'><em>νέους</em></span> <span class='ocrx_word' id='word_1_10' title='bbox 1594 246 1716 300; x_wconf 89' lang='grc' dir='ltr'><em>ἀντὶ</em></span> <span class='ocrx_word' id='word_1_11' title='bbox 1777 257 1892 300; x_wconf 83' lang='grc' dir='ltr'><em>τῶν</em></span> 
     </span>
     <span class='ocr_line' id='line_1_3' title="bbox 108 334 1890 405; baseline 0.003 -23"><span class='ocrx_word' id='word_1_12' title='bbox 108 341 229 384; x_wconf 85' lang='lat' dir='ltr'><em>RHI</em></span> <span class='ocrx_word' id='word_1_13' title='bbox 247 345 302 384; x_wconf 82' lang='lat'><em>29</em></span> <span class='ocrx_word' id='word_1_14' title='bbox 378 340 628 388; x_wconf 82' lang='grc' dir='ltr'><em>παλαιῶν</em></span> <span class='ocrx_word' id='word_1_15' title='bbox 666 334 949 404; x_wconf 87' lang='grc' dir='ltr'><em>τιθέμενοι</em></span> <span class='ocrx_word' id='word_1_16' title='bbox 1004 338 1222 405; x_wconf 90' lang='grc' dir='ltr'><em>νόμους.</em></span> <span class='ocrx_word' id='word_1_17' title='bbox 1295 335 1561 388; x_wconf 82' lang='grc' dir='ltr'><em>ἐντεῦθεν</em></span> <span class='ocrx_word' id='word_1_18' title='bbox 1614 336 1712 388; x_wconf 89' lang='grc' dir='ltr'><em>τὸν</em></span> <span class='ocrx_word' id='word_1_19' title='bbox 1747 335 1754 402; x_wconf 61' lang='grc' dir='ltr'><em>ἦ</em></span> <span class='ocrx_word' id='word_1_20' title='bbox 1789 335 1890 404; x_wconf 80' lang='grc' dir='ltr'><em>μὲν</em></span> 
     </span>
     <span class='ocr_line' id='line_1_4' title="bbox 199 423 1892 495; baseline -0.001 -18"><span class='ocrx_word' id='word_1_21' title='bbox 199 424 510 494; x_wconf 75' lang='grc' dir='ltr'><em>ἀνείλομεν,</em></span> <span class='ocrx_word' id='word_1_22' title='bbox 573 425 672 477; x_wconf 92' lang='grc' dir='ltr'><em>τὸν</em></span> <span class='ocrx_word' id='word_1_23' title='bbox 721 425 781 478; x_wconf 78' lang='grc' dir='ltr'><em>δὲ</em></span> <span class='ocrx_word' id='word_1_24' title='bbox 835 423 1164 493; x_wconf 78' lang='grc' dir='ltr'><em>ἐγράψαμεν.</em></span> <span class='ocrx_word' id='word_1_25' title='bbox 1234 424 1325 477; x_wconf 80' lang='grc' dir='ltr'><em>καὶ</em></span> <span class='ocrx_word' id='word_1_26' title='bbox 1385 426 1447 477; x_wconf 90' lang='grc' dir='ltr'><em>τὸ</em></span> <span class='ocrx_word' id='word_1_27' title='bbox 1510 425 1892 495; x_wconf 88' lang='grc' dir='ltr'><em>πρεσβύτερον</em></span> 
     </span>
     <span class='ocr_line' id='line_1_5' title="bbox 198 511 1891 584; baseline 0 -19"><span class='ocrx_word' id='word_1_28' title='bbox 198 511 515 582; x_wconf 79' lang='grc' dir='ltr'><em>ὑπεχώρησε</em></span> <span class='ocrx_word' id='word_1_29' title='bbox 561 519 637 584; x_wconf 78' lang='grc' dir='ltr'><em>τῷ</em></span> <span class='ocrx_word' id='word_1_30' title='bbox 684 514 971 582; x_wconf 82' lang='grc' dir='ltr'><em>κρείττονι.</em></span> <span class='ocrx_word' id='word_1_31' title='bbox 1030 514 1238 574; x_wconf 89' lang='grc' dir='ltr'><em>πόσους</em></span> <span class='ocrx_word' id='word_1_32' title='bbox 1285 512 1630 581; x_wconf 80' lang='grc' dir='ltr'><em>Δράκοντος,</em></span> <span class='ocrx_word' id='word_1_33' title='bbox 1682 514 1891 575; x_wconf 89' lang='grc' dir='ltr'><em>πόσους</em></span> 
     </span>
     <span class='ocr_line' id='line_1_6' title="bbox 154 599 1891 672; baseline -0.001 -17"><span class='ocrx_word' id='word_1_34' title='bbox 154 624 172 655; x_wconf 89' lang='lat'><strong>5</strong></span> <span class='ocrx_word' id='word_1_35' title='bbox 200 604 478 672; x_wconf 87' lang='grc' dir='ltr'><em>Σόλωνος,</em></span> <span class='ocrx_word' id='word_1_36' title='bbox 539 604 749 664; x_wconf 88' lang='grc' dir='ltr'><em>πόσους</em></span> <span class='ocrx_word' id='word_1_37' title='bbox 811 602 1114 671; x_wconf 85' lang='grc' dir='ltr'><em>λελύκαμεν</em></span> <span class='ocrx_word' id='word_1_38' title='bbox 1182 599 1581 665; x_wconf 88' lang='grc' dir='ltr'><em>Κλεισθένους;</em></span> <span class='ocrx_word' id='word_1_39' title='bbox 1650 602 1711 654; x_wconf 88' lang='grc' dir='ltr'><em>τὸ</em></span> <span class='ocrx_word' id='word_1_40' title='bbox 1785 603 1891 670; x_wconf 83' lang='grc' dir='ltr'><em>γὰρ</em></span> 
     </span>
     <span class='ocr_line' id='line_1_7' title="bbox 198 689 1893 761; baseline 0 -18"><span class='ocrx_word' id='word_1_41' title='bbox 198 692 609 761; x_wconf 87' lang='grc' dir='ltr'><em>χρησιμώτερον</em></span> <span class='ocrx_word' id='word_1_42' title='bbox 663 689 785 744; x_wconf 84' lang='grc' dir='ltr'><em>ἀντὶ</em></span> <span class='ocrx_word' id='word_1_43' title='bbox 841 699 941 744; x_wconf 91' lang='grc' dir='ltr'><em>τοῦ</em></span> <span class='ocrx_word' id='word_1_44' title='bbox 997 689 1349 760; x_wconf 84' lang='grc' dir='ltr'><em>φαυλοτέρου</em></span> <span class='ocrx_word' id='word_1_45' title='bbox 1403 699 1591 760; x_wconf 89' lang='grc' dir='ltr'><em>κρατεῖ</em></span> <span class='ocrx_word' id='word_1_46' title='bbox 1643 689 1734 743; x_wconf 87' lang='grc' dir='ltr'><em>καὶ</em></span> <span class='ocrx_word' id='word_1_47' title='bbox 1789 692 1893 760; x_wconf 85' lang='grc' dir='ltr'><em>τὴν</em></span> 
     </span>
     <span class='ocr_line' id='line_1_8' title="bbox 199 777 1891 850; baseline 0 -18"><span class='ocrx_word' id='word_1_48' title='bbox 199 778 413 832; x_wconf 82' lang='grc' dir='ltr'><em>ἐκείνου</em></span> <span class='ocrx_word' id='word_1_49' title='bbox 453 781 638 850; x_wconf 84' lang='grc' dir='ltr'><em>χώραν</em></span> <span class='ocrx_word' id='word_1_50' title='bbox 679 780 852 848; x_wconf 89' lang='grc' dir='ltr'><em>λαβὸν</em></span> <span class='ocrx_word' id='word_1_51' title='bbox 892 777 1006 832; x_wconf 87' lang='grc' dir='ltr'><em>ἀντ’</em></span> <span class='ocrx_word' id='word_1_52' title='bbox 1057 778 1272 832; x_wconf 87' lang='grc' dir='ltr'><em>ἐκείνου</em></span> <span class='ocrx_word' id='word_1_53' title='bbox 1312 782 1640 832; x_wconf 79' lang='grc' dir='ltr'><em>καθίσταται</em></span> <span class='ocrx_word' id='word_1_54' title='bbox 1679 780 1891 846; x_wconf 87' lang='grc' dir='ltr'><em>κύριον.</em></span> 
     </span>
     <span class='ocr_line' id='line_1_9' title="bbox 199 864 1892 937; baseline 0 -17"><span class='ocrx_word' id='word_1_55' title='bbox 199 868 284 921; x_wconf 82' lang='lat'><em>83.</em></span> <span class='ocrx_word' id='word_1_56' title='bbox 339 864 498 921; x_wconf 87' lang='grc' dir='ltr'><em>εἷπον</em></span> <span class='ocrx_word' id='word_1_57' title='bbox 552 867 600 922; x_wconf 82' lang='grc' dir='ltr'><em>δ’</em></span> <span class='ocrx_word' id='word_1_58' title='bbox 660 867 730 921; x_wconf 77' lang='grc' dir='ltr'><em>ἂν</em></span> <span class='ocrx_word' id='word_1_59' title='bbox 783 868 916 936; x_wconf 89' lang='grc' dir='ltr'><em>ὑμῖν</em></span> <span class='ocrx_word' id='word_1_60' title='bbox 978 868 1068 920; x_wconf 85' lang='grc' dir='ltr'><em>καὶ</em></span> <span class='ocrx_word' id='word_1_61' title='bbox 1124 867 1592 937; x_wconf 79' lang='grc' dir='ltr'><em>ἀπηριθμησάμην</em></span> <span class='ocrx_word' id='word_1_62' title='bbox 1651 869 1781 930; x_wconf 87' lang='grc' dir='ltr'><em>τούς</em></span> <span class='ocrx_word' id='word_1_63' title='bbox 1834 887 1892 920; x_wconf 90' lang='grc' dir='ltr'><em>τε</em></span> 
     </span>
     <span class='ocr_line' id='line_1_10' title="bbox 196 955 1894 1026; baseline -0.001 -16"><span class='ocrx_word' id='word_1_64' title='bbox 196 956 678 1025; x_wconf 79' lang='grc' dir='ltr'><em>κατεγνωσμένους</em></span> <span class='ocrx_word' id='word_1_65' title='bbox 715 955 808 1009; x_wconf 88' lang='grc' dir='ltr'><em>καὶ</em></span> <span class='ocrx_word' id='word_1_66' title='bbox 847 959 979 1019; x_wconf 88' lang='grc' dir='ltr'><em>τοὺς</em></span> <span class='ocrx_word' id='word_1_67' title='bbox 1018 955 1133 1009; x_wconf 89' lang='grc' dir='ltr'><em>ἀντ’</em></span> <span class='ocrx_word' id='word_1_68' title='bbox 1189 955 1414 1009; x_wconf 83' lang='grc' dir='ltr'><em>ἐκείνων</em></span> <span class='ocrx_word' id='word_1_69' title='bbox 1457 956 1791 1026; x_wconf 80' lang='grc' dir='ltr'><em>γραφέντας,</em></span> <span class='ocrx_word' id='word_1_70' title='bbox 1845 958 1894 1009; x_wconf 83' lang='grc' dir='ltr'><em>εἰ</em></span> 
     </span>
     <span class='ocr_line' id='line_1_11' title="bbox 132 1042 1891 1115; baseline -0.001 -17"><span class='ocrx_word' id='word_1_71' title='bbox 132 1067 173 1098; x_wconf 90' lang='lat'><em>10</em></span> <span class='ocrx_word' id='word_1_72' title='bbox 197 1046 269 1115; x_wconf 87' lang='grc' dir='ltr'><em>μὴ</em></span> <span class='ocrx_word' id='word_1_73' title='bbox 325 1047 632 1115; x_wconf 88' lang='grc' dir='ltr'><em>μαρτύριον</em></span> <span class='ocrx_word' id='word_1_74' title='bbox 685 1042 755 1114; x_wconf 74' lang='grc' dir='ltr'><em>ἦν</em></span> <span class='ocrx_word' id='word_1_75' title='bbox 804 1046 997 1098; x_wconf 85' lang='grc' dir='ltr'><em>ἱκανὸν</em></span> <span class='ocrx_word' id='word_1_76' title='bbox 1044 1046 1077 1115; x_wconf 82' lang='grc' dir='ltr'>ἡ</span> <span class='ocrx_word' id='word_1_77' title='bbox 1125 1043 1179 1109; x_wconf 81' lang='grc' dir='ltr'><em>ἐξ</em></span> <span class='ocrx_word' id='word_1_78' title='bbox 1225 1043 1431 1115; x_wconf 88' lang='grc' dir='ltr'><em>Ἀρείου</em></span> <span class='ocrx_word' id='word_1_79' title='bbox 1487 1047 1670 1113; x_wconf 90' lang='grc' dir='ltr'><em>πάγου</em></span> <span class='ocrx_word' id='word_1_80' title='bbox 1716 1046 1891 1114; x_wconf 86' lang='grc' dir='ltr'><em>βουλὴ</em></span> 
     </span>
     <span class='ocr_line' id='line_1_12' title="bbox 198 1131 1891 1204; baseline 0.001 -18"><span class='ocrx_word' id='word_1_81' title='bbox 198 1134 299 1204; x_wconf 85' lang='grc' dir='ltr'><em>οὐχ</em></span> <span class='ocrx_word' id='word_1_82' title='bbox 340 1135 552 1187; x_wconf 78' lang='grc' dir='ltr'><em>ἅπαντα</em></span> <span class='ocrx_word' id='word_1_83' title='bbox 592 1143 699 1187; x_wconf 90' lang='grc' dir='ltr'><em>νῦν</em></span> <span class='ocrx_word' id='word_1_84' title='bbox 740 1134 772 1187; x_wconf 81' lang='grc' dir='ltr'><strong><em>ἃ</em></strong></span> <span class='ocrx_word' id='word_1_85' title='bbox 812 1136 1083 1204; x_wconf 88' lang='grc' dir='ltr'><em>πρότερον</em></span> <span class='ocrx_word' id='word_1_86' title='bbox 1126 1131 1343 1203; x_wconf 77' lang='grc' dir='ltr'><em>ἔχουσα.</em></span> <span class='ocrx_word' id='word_1_87' title='bbox 1398 1131 1488 1186; x_wconf 88' lang='grc' dir='ltr'><em>καὶ</em></span> <span class='ocrx_word' id='word_1_88' title='bbox 1537 1134 1704 1187; x_wconf 79' lang='grc' dir='ltr'><em>οὐδὲν</em></span> <span class='ocrx_word' id='word_1_89' title='bbox 1743 1133 1891 1187; x_wconf 90' lang='grc' dir='ltr'><em>ἀντι-</em></span> 
     </span>
     <span class='ocr_line' id='line_1_13' title="bbox 199 1219 1899 1292; baseline 0 -16"><span class='ocrx_word' id='word_1_90' title='bbox 199 1222 343 1292; x_wconf 80' lang='grc' dir='ltr'><em>λέγει</em></span> <span class='ocrx_word' id='word_1_91' title='bbox 383 1225 679 1291; x_wconf 85' lang='grc' dir='ltr'><em>νομίζουσα</em></span> <span class='ocrx_word' id='word_1_92' title='bbox 721 1224 841 1276; x_wconf 81' lang='grc' dir='ltr'><em>δεῖν</em></span> <span class='ocrx_word' id='word_1_93' title='bbox 873 1228 1043 1276; x_wconf 76' lang='grc' dir='ltr'><em>εἴκειν</em></span> <span class='ocrx_word' id='word_1_94' title='bbox 1073 1231 1188 1286; x_wconf 87' lang='grc' dir='ltr'><em>τοῖς</em></span> <span class='ocrx_word' id='word_1_95' title='bbox 1220 1222 1508 1292; x_wconf 86' lang='grc' dir='ltr'><em>νεωτέροις</em></span> <span class='ocrx_word' id='word_1_96' title='bbox 1540 1225 1731 1290; x_wconf 89' lang='grc' dir='ltr'><em>νόμοις</em></span> <span class='ocrx_word' id='word_1_97' title='bbox 1765 1219 1899 1276; x_wconf 84' lang='grc' dir='ltr'><em>οὖσί</em></span> 
     </span>
     <span class='ocr_line' id='line_1_14' title="bbox 198 1305 1892 1383; baseline -0.001 -19"><span class='ocrx_word' id='word_1_98' title='bbox 198 1331 258 1379; x_wconf 91' lang='grc' dir='ltr'><em>γε</em></span> <span class='ocrx_word' id='word_1_99' title='bbox 313 1311 614 1380; x_wconf 81' lang='grc' dir='ltr'><em>ἀμείνοσιν.</em></span> <span class='ocrx_word' id='word_1_100' title='bbox 670 1313 720 1365; x_wconf 90' lang='grc' dir='ltr'><em>εί</em></span> <span class='ocrx_word' id='word_1_101' title='bbox 755 1308 888 1380; x_wconf 74' lang='grc' dir='ltr'>&lt;δὲ&gt;</span> <span class='ocrx_word' id='word_1_102' title='bbox 926 1312 1050 1379; x_wconf 84' lang='grc' dir='ltr'><em>περὶ</em></span> <span class='ocrx_word' id='word_1_103' title='bbox 1105 1305 1184 1364; x_wconf 80' lang='grc' dir='ltr'><em>ὧν</em></span> <span class='ocrx_word' id='word_1_104' title='bbox 1231 1309 1439 1375; x_wconf 82' lang='grc' dir='ltr'><em>ἔξεστιν</em></span> <span class='ocrx_word' id='word_1_105' title='bbox 1486 1313 1662 1364; x_wconf 83' lang='grc' dir='ltr'><em>εἰπεῖν</em></span> <span class='ocrx_word' id='word_1_106' title='bbox 1709 1310 1770 1364; x_wconf 85' lang='grc' dir='ltr'><em>ἐν</em></span> <span class='ocrx_word' id='word_1_107' title='bbox 1815 1317 1892 1383; x_wconf 72' lang='grc' dir='ltr'><em>τῷ</em></span> 
     </span>
     <span class='ocr_line' id='line_1_15' title="bbox 199 1396 1891 1472; baseline 0 -19"><span class='ocrx_word' id='word_1_108' title='bbox 199 1403 352 1472; x_wconf 80' lang='grc' dir='ltr'><em>δήμῳ</em></span> <span class='ocrx_word' id='word_1_109' title='bbox 414 1401 506 1453; x_wconf 81' lang='grc' dir='ltr'><em>καὶ</em></span> <span class='ocrx_word' id='word_1_110' title='bbox 566 1399 693 1453; x_wconf 88' lang='grc' dir='ltr'><em>καθ’</em></span> <span class='ocrx_word' id='word_1_111' title='bbox 759 1396 838 1453; x_wconf 80' lang='grc' dir='ltr'><em>ὧν</em></span> <span class='ocrx_word' id='word_1_112' title='bbox 891 1400 1127 1470; x_wconf 84' lang='grc' dir='ltr'><em>ὑπάρχει</em></span> <span class='ocrx_word' id='word_1_113' title='bbox 1183 1401 1516 1472; x_wconf 78' lang='grc' dir='ltr'><em>δικαστηρίω</em></span> <span class='ocrx_word' id='word_1_114' title='bbox 1579 1402 1891 1470; x_wconf 88' lang='grc' dir='ltr'><em>χρήσασθαι</em></span> 
     </span>
     <span class='ocr_line' id='line_1_16' title="bbox 132 1488 1894 1559; baseline 0 -17"><span class='ocrx_word' id='word_1_115' title='bbox 132 1510 173 1543; x_wconf 78' lang='lat'><em>15</em></span> <span class='ocrx_word' id='word_1_116' title='bbox 198 1496 611 1559; x_wconf 90' lang='grc' dir='ltr'><em>κατηγοροῦντα</em></span> <span class='ocrx_word' id='word_1_117' title='bbox 658 1491 754 1551; x_wconf 87' lang='grc' dir='ltr'><em>τὰς</em></span> <span class='ocrx_word' id='word_1_118' title='bbox 807 1491 1032 1558; x_wconf 82' lang='grc' dir='ltr'><em>ψήφους</em></span> <span class='ocrx_word' id='word_1_119' title='bbox 1071 1488 1115 1541; x_wconf 89' lang='grc' dir='ltr'><em>τ’</em></span> <span class='ocrx_word' id='word_1_120' title='bbox 1178 1492 1262 1542; x_wconf 82' lang='grc' dir='ltr'><em>ἔνι</em></span> <span class='ocrx_word' id='word_1_121' title='bbox 1318 1492 1522 1558; x_wconf 80' lang='grc' dir='ltr'><em>λαβεῖν,</em></span> <span class='ocrx_word' id='word_1_122' title='bbox 1577 1491 1624 1543; x_wconf 84' lang='grc' dir='ltr'><em>εἰ</em></span> <span class='ocrx_word' id='word_1_123' title='bbox 1678 1491 1894 1542; x_wconf 85' lang='grc' dir='ltr'><em>τούτων</em></span> 
     </span>
     <span class='ocr_line' id='line_1_17' title="bbox 199 1576 1894 1649; baseline -0.001 -18"><span class='ocrx_word' id='word_1_124' title='bbox 199 1581 472 1647; x_wconf 85' lang='grc' dir='ltr'><em>μνησθείη</em></span> <span class='ocrx_word' id='word_1_125' title='bbox 528 1598 609 1640; x_wconf 89' lang='grc' dir='ltr'><em>τις</em></span> <span class='ocrx_word' id='word_1_126' title='bbox 665 1576 752 1631; x_wconf 84' lang='grc' dir='ltr'><em>ἐπὶ</em></span> <span class='ocrx_word' id='word_1_127' title='bbox 801 1587 912 1631; x_wconf 86' lang='grc' dir='ltr'><em>τῶν</em></span> <span class='ocrx_word' id='word_1_128' title='bbox 964 1578 1339 1649; x_wconf 82' lang='grc' dir='ltr'><em>ἐργαστηρίων</em></span> <span class='ocrx_word' id='word_1_129' title='bbox 1392 1578 1738 1647; x_wconf 83' lang='grc' dir='ltr'><em>ἠκριβῶσθαι</em></span> <span class='ocrx_word' id='word_1_130' title='bbox 1791 1580 1894 1646; x_wconf 84' lang='grc' dir='ltr'><em>τὴν</em></span> 
     </span>
     <span class='ocr_line' id='line_1_18' title="bbox 197 1662 1894 1738; baseline -0.001 -18"><span class='ocrx_word' id='word_1_131' title='bbox 197 1668 480 1720; x_wconf 88' lang='grc' dir='ltr'><em>πολιτείαν</em></span> <span class='ocrx_word' id='word_1_132' title='bbox 535 1667 850 1736; x_wconf 86' lang='grc' dir='ltr'><em>εὐχόμενος,</em></span> <span class='ocrx_word' id='word_1_133' title='bbox 913 1662 1076 1729; x_wconf 86' lang='grc' dir='ltr'><em>οὗτος</em></span> <span class='ocrx_word' id='word_1_134' title='bbox 1131 1667 1359 1736; x_wconf 78' lang='grc' dir='ltr'><em>ἄχθεται</em></span> <span class='ocrx_word' id='word_1_135' title='bbox 1420 1675 1495 1738; x_wconf 81' lang='grc' dir='ltr'><em>τςό</em></span> <span class='ocrx_word' id='word_1_136' title='bbox 1558 1668 1656 1719; x_wconf 92' lang='grc' dir='ltr'><em>τὸν</em></span> <span class='ocrx_word' id='word_1_137' title='bbox 1715 1667 1894 1736; x_wconf 85' lang='grc' dir='ltr'><em>δῆμον</em></span> 
     </span>
     <span class='ocr_line' id='line_1_19' title="bbox 197 1745 1030 1824; baseline 0 -16"><span class='ocrx_word' id='word_1_138' title='bbox 197 1764 440 1824; x_wconf 67' lang='grc' dir='ltr'><em>κρατεῖν,</em></span> <span class='ocrx_word' id='word_1_139' title='bbox 1027 1745 1030 1749; x_wconf 54' lang='grc'><strong>’</strong></span> 
     </span>
     <span class='ocr_line' id='line_1_20' title="bbox 311 1840 1890 1913; baseline 0 -17"><span class='ocrx_word' id='word_1_140' title='bbox 311 1844 395 1897; x_wconf 85' lang='grc'><em>84.</em></span> <span class='ocrx_word' id='word_1_141' title='bbox 437 1845 506 1896; x_wconf 83' lang='grc' dir='ltr'><em>Εἰ</em></span> <span class='ocrx_word' id='word_1_142' title='bbox 545 1841 648 1912; x_wconf 77' lang='grc' dir='ltr'><em>μὲν</em></span> <span class='ocrx_word' id='word_1_143' title='bbox 679 1840 800 1912; x_wconf 87' lang='grc' dir='ltr'><em>οὖν,</em></span> <span class='ocrx_word' id='word_1_144' title='bbox 833 1840 874 1896; x_wconf 84' lang='grc' dir='ltr'><em>ὦ</em></span> <span class='ocrx_word' id='word_1_145' title='bbox 909 1844 1123 1913; x_wconf 76' lang='grc' dir='ltr'><em>ἄνδρες,</em></span> <span class='ocrx_word' id='word_1_146' title='bbox 1162 1844 1223 1896; x_wconf 90' lang='grc' dir='ltr'><em>τὸ</em></span> <span class='ocrx_word' id='word_1_147' title='bbox 1255 1840 1358 1913; x_wconf 75' lang='grc' dir='ltr'><em>μὲν</em></span> <span class='ocrx_word' id='word_1_148' title='bbox 1390 1843 1514 1908; x_wconf 82' lang='grc' dir='ltr'><em>ἐξὸν</em></span> <span class='ocrx_word' id='word_1_149' title='bbox 1553 1848 1890 1910; x_wconf 83' lang='grc' dir='ltr'><em>πεποιῆσθαι</em></span> 
     </span>
     <span class='ocr_line' id='line_1_21' title="bbox 132 1932 1890 2002; baseline -0.001 -16"><span class='ocrx_word' id='word_1_150' title='bbox 132 1955 174 1986; x_wconf 85' lang='lat'><em>20</em></span> <span class='ocrx_word' id='word_1_151' title='bbox 198 1935 328 1996; x_wconf 85' lang='grc' dir='ltr'><em>τοὺς</em></span> <span class='ocrx_word' id='word_1_152' title='bbox 374 1933 663 1995; x_wconf 82' lang='grc' dir='ltr'><em>τοιούτους</em></span> <span class='ocrx_word' id='word_1_153' title='bbox 709 1942 820 1986; x_wconf 83' lang='grc' dir='ltr'><em>τῶν</em></span> <span class='ocrx_word' id='word_1_154' title='bbox 867 1934 1046 2001; x_wconf 87' lang='grc' dir='ltr'><em>λόγων</em></span> <span class='ocrx_word' id='word_1_155' title='bbox 1095 1932 1302 2002; x_wconf 84' lang='grc' dir='ltr'><em>ὑπῆρχε</em></span> <span class='ocrx_word' id='word_1_156' title='bbox 1350 1933 1658 2000; x_wconf 76' lang='grc' dir='ltr'><em>Σωκράτει,</em></span> <span class='ocrx_word' id='word_1_157' title='bbox 1711 1932 1890 2000; x_wconf 85' lang='grc' dir='ltr'><em>βλάβη</em></span> 
     </span>
    </p>
   </div>
   <div class='ocr_carea' id='block_1_3' title="bbox 196 2031 550 2036">
    <p class='ocr_par' dir='ltr' id='par_1_3' title="bbox 196 2031 550 2036">
     <span class='ocr_line' id='line_1_22' title="bbox 196 2031 550 2036; baseline 0 0"><span class='ocrx_word' id='word_1_158' title='bbox 196 2031 550 2036; x_wconf 95' lang='lat' dir='ltr'><em> </em></span> 
     </span>
    </p>
   </div>
   <div class='ocr_carea' id='block_1_4' title="bbox 198 2077 1893 2193">
    <p class='ocr_par' dir='ltr' id='par_1_4' title="bbox 198 2077 1893 2193">
     <span class='ocr_line' id='line_1_23' title="bbox 316 2077 1893 2134; baseline -0.001 -13"><span class='ocrx_word' id='word_1_159' title='bbox 316 2083 341 2121; x_wconf 88' lang='grc'><strong>3</strong></span> <span class='ocrx_word' id='word_1_160' title='bbox 375 2093 441 2133; x_wconf 90' lang='lat' dir='ltr'><em>sq.</em></span> <span class='ocrx_word' id='word_1_161' title='bbox 475 2077 592 2121; x_wconf 76' lang='lat' dir='ltr'>Plat.</span> <span class='ocrx_word' id='word_1_162' title='bbox 628 2078 821 2122; x_wconf 83' lang='lat' dir='ltr'>Axioch.</span> <span class='ocrx_word' id='word_1_163' title='bbox 860 2093 906 2134; x_wconf 89' lang='lat' dir='ltr'><em>p.</em></span> <span class='ocrx_word' id='word_1_164' title='bbox 934 2083 1017 2121; x_wconf 87' lang='lat'><em>365</em></span> <span class='ocrx_word' id='word_1_165' title='bbox 1037 2079 1076 2121; x_wconf 89' lang='lat' dir='ltr'>D</span> <span class='ocrx_word' id='word_1_166' title='bbox 1215 2083 1267 2121; x_wconf 93' lang='lat'><em>11</em></span> <span class='ocrx_word' id='word_1_167' title='bbox 1311 2078 1450 2121; x_wconf 71' lang='lat' dir='ltr'>Arist.</span> <span class='ocrx_word' id='word_1_168' title='bbox 1483 2092 1579 2134; x_wconf 84' lang='lat' dir='ltr'>rep.</span> <span class='ocrx_word' id='word_1_169' title='bbox 1612 2078 1721 2121; x_wconf 72' lang='lat' dir='ltr'><strong>Ath.</strong></span> <span class='ocrx_word' id='word_1_170' title='bbox 1755 2082 1810 2121; x_wconf 80' lang='lat'><em>25</em></span> <span class='ocrx_word' id='word_1_171' title='bbox 1843 2079 1893 2121; x_wconf 71' lang='lat' dir='ltr'><em>et</em></span> 
     </span>
     <span class='ocr_line' id='line_1_24' title="bbox 198 2136 1828 2193; baseline -0.001 -13"><span class='ocrx_word' id='word_1_172' title='bbox 198 2142 274 2190; x_wconf 79' lang='lat'><em>273</em></span> <span class='ocrx_word' id='word_1_173' title='bbox 307 2137 437 2181; x_wconf 81' lang='lat' dir='ltr'>Dem.</span> <span class='ocrx_word' id='word_1_174' title='bbox 471 2137 695 2181; x_wconf 64' lang='lat' dir='ltr'>Arisizocr.</span> <span class='ocrx_word' id='word_1_175' title='bbox 718 2153 763 2193; x_wconf 90' lang='lat' dir='ltr'><em>p.</em></span> <span class='ocrx_word' id='word_1_176' title='bbox 791 2142 892 2191; x_wconf 85' lang='grc'>641,</span> <span class='ocrx_word' id='word_1_177' title='bbox 911 2142 966 2181; x_wconf 82' lang='grc'><em>28</em></span> <span class='ocrx_word' id='word_1_178' title='bbox 985 2151 1051 2192; x_wconf 85' lang='lat' dir='ltr'><em>sq.</em></span> <span class='ocrx_word' id='word_1_179' title='bbox 1177 2143 1230 2180; x_wconf 88' lang='lat'><em>13</em></span> <span class='ocrx_word' id='word_1_180' title='bbox 1264 2151 1330 2192; x_wconf 86' lang='lat' dir='ltr'><em>sq.</em></span> <span class='ocrx_word' id='word_1_181' title='bbox 1363 2137 1476 2181; x_wconf 83' lang='lat' dir='ltr'>Xen.</span> <span class='ocrx_word' id='word_1_182' title='bbox 1512 2151 1672 2181; x_wconf 85' lang='lat' dir='ltr'>comm.</span> <span class='ocrx_word' id='word_1_183' title='bbox 1698 2136 1720 2179; x_wconf 92' lang='lat' dir='ltr'>I</span> <span class='ocrx_word' id='word_1_184' title='bbox 1743 2141 1784 2190; x_wconf 77' lang='lat'><em>2,</em></span> <span class='ocrx_word' id='word_1_185' title='bbox 1804 2142 1828 2179; x_wconf 81' lang='lat'>9</span> 
     </span>
    </p>
   </div>
   <div class='ocr_carea' id='block_1_5' title="bbox 211 2224 551 2227">
    <p class='ocr_par' dir='ltr' id='par_1_5' title="bbox 211 2224 551 2227">
     <span class='ocr_line' id='line_1_25' title="bbox 211 2224 551 2227; baseline 0 0"><span class='ocrx_word' id='word_1_186' title='bbox 211 2224 551 2227; x_wconf 95' lang='lat' dir='ltr'><em> </em></span> 
     </span>
    </p>
   </div>
   <div class='ocr_carea' id='block_1_6' title="bbox 195 2268 1889 2974">
    <p class='ocr_par' dir='ltr' id='par_1_6' title="bbox 195 2268 1889 2386">
     <span class='ocr_line' id='line_1_26' title="bbox 195 2268 1889 2326; baseline -0.001 -13"><span class='ocrx_word' id='word_1_187' title='bbox 195 2270 364 2313; x_wconf 84' lang='lat' dir='ltr'><strong>Mnem.</strong></span> <span class='ocrx_word' id='word_1_188' title='bbox 390 2269 453 2312; x_wconf 87' lang='lat'><em>111</em></span> <span class='ocrx_word' id='word_1_189' title='bbox 479 2274 562 2313; x_wconf 87' lang='grc'><em>148</em></span> <span class='ocrx_word' id='word_1_190' title='bbox 589 2283 692 2312; x_wconf 86' lang='lat' dir='ltr'><em>cum</em></span> <span class='ocrx_word' id='word_1_191' title='bbox 716 2269 820 2326; x_wconf 88' lang='lat' dir='ltr'><em>Rog</em></span> <span class='ocrx_word' id='word_1_192' title='bbox 880 2269 985 2313; x_wconf 83' lang='grc' dir='ltr'><em>θεοὶ</em></span> <span class='ocrx_word' id='word_1_193' title='bbox 1010 2269 1118 2313; x_wconf 86' lang='lat' dir='ltr'>libri</span> <span class='ocrx_word' id='word_1_194' title='bbox 1145 2270 1236 2313; x_wconf 83' lang='lat' dir='ltr'><em>edd</em></span> <span class='ocrx_word' id='word_1_195' title='bbox 1264 2272 1271 2326; x_wconf 85' lang='grc' dir='ltr'>Ι</span> <span class='ocrx_word' id='word_1_196' title='bbox 1298 2268 1471 2315; x_wconf 81' lang='grc' dir='ltr'><em>οὐδένα</em></span> <span class='ocrx_word' id='word_1_197' title='bbox 1494 2269 1681 2326; x_wconf 84' lang='lat' dir='ltr'>reposui</span> <span class='ocrx_word' id='word_1_198' title='bbox 1706 2283 1730 2312; x_wconf 85' lang='lat' dir='ltr'>e</span> <span class='ocrx_word' id='word_1_199' title='bbox 1753 2268 1889 2312; x_wconf 83' lang='lat' dir='ltr'>libris</span> 
     </span>
     <span class='ocr_line' id='line_1_27' title="bbox 197 2327 1511 2386; baseline 0 -14"><span class='ocrx_word' id='word_1_200' title='bbox 197 2328 465 2372; x_wconf 74' lang='lat' dir='ltr'>auctoribus</span> <span class='ocrx_word' id='word_1_201' title='bbox 496 2329 564 2372; x_wconf 82' lang='lat' dir='ltr'><em>Re</em></span> <span class='ocrx_word' id='word_1_202' title='bbox 597 2331 644 2372; x_wconf 75' lang='lat' dir='ltr'><em>et</em></span> <span class='ocrx_word' id='word_1_203' title='bbox 677 2327 848 2372; x_wconf 76' lang='lat' dir='ltr'>Cobeto</span> <span class='ocrx_word' id='word_1_204' title='bbox 884 2342 988 2372; x_wconf 84' lang='lat' dir='ltr'><em>cum</em></span> <span class='ocrx_word' id='word_1_205' title='bbox 1020 2328 1123 2386; x_wconf 85' lang='lat' dir='ltr'><em>Rog</em></span> <span class='ocrx_word' id='word_1_206' title='bbox 1183 2328 1294 2373; x_wconf 80' lang='grc' dir='ltr'><em>οὐδὲ</em></span> <span class='ocrx_word' id='word_1_207' title='bbox 1326 2328 1427 2373; x_wconf 91' lang='lat' dir='ltr'><em>Mor</em></span> <span class='ocrx_word' id='word_1_208' title='bbox 1443 2329 1511 2372; x_wconf 82' lang='lat' dir='ltr'><em>Re</em></span> 
     </span>
    </p>

    <p class='ocr_par' dir='ltr' id='par_1_7' title="bbox 196 2386 1888 2974">
     <span class='ocr_line' id='line_1_28' title="bbox 317 2386 1887 2446; baseline 0.001 -17"><span class='ocrx_word' id='word_1_209' title='bbox 317 2392 340 2429; x_wconf 84' lang='lat'><strong>7</strong></span> <span class='ocrx_word' id='word_1_210' title='bbox 375 2387 518 2445; x_wconf 87' lang='grc' dir='ltr'><em>λαβὸν</em></span> <span class='ocrx_word' id='word_1_211' title='bbox 550 2386 737 2444; x_wconf 88' lang='lat' dir='ltr'>reposui</span> <span class='ocrx_word' id='word_1_212' title='bbox 769 2401 794 2431; x_wconf 82' lang='lat' dir='ltr'>e</span> <span class='ocrx_word' id='word_1_213' title='bbox 821 2389 908 2432; x_wconf 86' lang='lat' dir='ltr'><em>Ma</em></span> <span class='ocrx_word' id='word_1_214' title='bbox 920 2388 1084 2432; x_wconf 83' lang='lat' dir='ltr'><em>UVaB</em></span> <span class='ocrx_word' id='word_1_215' title='bbox 1110 2402 1214 2431; x_wconf 89' lang='lat' dir='ltr'><em>cum</em></span> <span class='ocrx_word' id='word_1_216' title='bbox 1237 2388 1340 2445; x_wconf 88' lang='lat' dir='ltr'><em>Rog</em></span> <span class='ocrx_word' id='word_1_217' title='bbox 1400 2388 1554 2446; x_wconf 85' lang='grc' dir='ltr'><em>λαβὼν</em></span> <span class='ocrx_word' id='word_1_218' title='bbox 1586 2388 1680 2431; x_wconf 80' lang='lat' dir='ltr'><em>Ath</em></span> <span class='ocrx_word' id='word_1_219' title='bbox 1703 2386 1887 2431; x_wconf 80' lang='lat' dir='ltr'>MorRe</span> 
     </span>
     <span class='ocr_line' id='line_1_29' title="bbox 203 2444 1888 2504; baseline -0.001 -14"><span class='ocrx_word' id='word_1_220' title='bbox 203 2448 206 2503; x_wconf 69' lang='grc'>1</span> <span class='ocrx_word' id='word_1_221' title='bbox 244 2444 484 2490; x_wconf 75' lang='grc' dir='ltr'><em>ἐπίσταται</em></span> <span class='ocrx_word' id='word_1_222' title='bbox 519 2448 607 2490; x_wconf 87' lang='grc' dir='ltr'><em>Μα</em></span> <span class='ocrx_word' id='word_1_223' title='bbox 728 2451 753 2490; x_wconf 89' lang='lat'><em>8</em></span> <span class='ocrx_word' id='word_1_224' title='bbox 787 2447 864 2490; x_wconf 87' lang='grc' dir='ltr'><em>καὶ</em></span> <span class='ocrx_word' id='word_1_225' title='bbox 898 2446 1297 2503; x_wconf 82' lang='grc' dir='ltr'><em>ἀπηριθμησάμην</em></span> <span class='ocrx_word' id='word_1_226' title='bbox 1333 2447 1496 2504; x_wconf 81' lang='lat' dir='ltr'>scripsi</span> <span class='ocrx_word' id='word_1_227' title='bbox 1558 2445 1888 2503; x_wconf 83' lang='grc' dir='ltr'><em>ἀπηριθμησά-</em></span> 
     </span>
     <span class='ocr_line' id='line_1_30' title="bbox 198 2504 1887 2562; baseline -0.001 -13"><span class='ocrx_word' id='word_1_228' title='bbox 198 2521 287 2561; x_wconf 85' lang='grc' dir='ltr'><em>μην</em></span> <span class='ocrx_word' id='word_1_229' title='bbox 318 2505 427 2548; x_wconf 89' lang='lat' dir='ltr'>libri</span> <span class='ocrx_word' id='word_1_230' title='bbox 489 2504 919 2562; x_wconf 84' lang='grc' dir='ltr'><em>κάπηριθμησάμην</em></span> <span class='ocrx_word' id='word_1_231' title='bbox 952 2505 1043 2548; x_wconf 85' lang='lat' dir='ltr'><em>edd</em></span> <span class='ocrx_word' id='word_1_232' title='bbox 1166 2511 1217 2549; x_wconf 89' lang='lat'><em>11</em></span> <span class='ocrx_word' id='word_1_233' title='bbox 1253 2505 1284 2549; x_wconf 79' lang='grc' dir='ltr'>ἃ</span> <span class='ocrx_word' id='word_1_234' title='bbox 1315 2506 1500 2562; x_wconf 85' lang='lat' dir='ltr'>reposui</span> <span class='ocrx_word' id='word_1_235' title='bbox 1525 2519 1549 2549; x_wconf 84' lang='lat' dir='ltr'>e</span> <span class='ocrx_word' id='word_1_236' title='bbox 1573 2505 1706 2548; x_wconf 89' lang='lat' dir='ltr'>libris</span> <span class='ocrx_word' id='word_1_237' title='bbox 1767 2504 1887 2560; x_wconf 82' lang='grc' dir='ltr'><em>ἅπερ</em></span> 
     </span>
     <span class='ocr_line' id='line_1_31' title="bbox 197 2562 1885 2622; baseline 0 -15"><span class='ocrx_word' id='word_1_238' title='bbox 197 2564 288 2607; x_wconf 84' lang='lat' dir='ltr'><em>edd</em></span> <span class='ocrx_word' id='word_1_239' title='bbox 331 2566 337 2620; x_wconf 85' lang='grc' dir='ltr'>Ι</span> <span class='ocrx_word' id='word_1_240' title='bbox 379 2563 604 2620; x_wconf 83' lang='grc' dir='ltr'><em>ἀντιλέγει</em></span> <span class='ocrx_word' id='word_1_241' title='bbox 644 2562 895 2620; x_wconf 83' lang='grc' dir='ltr'><em>νομίζουσα</em></span> <span class='ocrx_word' id='word_1_242' title='bbox 936 2564 1101 2621; x_wconf 83' lang='lat' dir='ltr'>scripsi</span> <span class='ocrx_word' id='word_1_243' title='bbox 1142 2579 1247 2608; x_wconf 87' lang='lat' dir='ltr'><em>cum</em></span> <span class='ocrx_word' id='word_1_244' title='bbox 1287 2565 1391 2622; x_wconf 86' lang='lat' dir='ltr'><em>Rog</em></span> <span class='ocrx_word' id='word_1_245' title='bbox 1466 2563 1719 2620; x_wconf 76' lang='grc' dir='ltr'><em>ἀντιλέγειν</em></span> <span class='ocrx_word' id='word_1_246' title='bbox 1758 2562 1885 2619; x_wconf 87' lang='grc' dir='ltr'><em>νομί-</em></span> 
     </span>
     <span class='ocr_line' id='line_1_32' title="bbox 196 2621 1823 2679; baseline -0.001 -13"><span class='ocrx_word' id='word_1_247' title='bbox 196 2627 336 2676; x_wconf 85' lang='grc' dir='ltr'><em>ζουσα</em></span> <span class='ocrx_word' id='word_1_248' title='bbox 383 2621 493 2665; x_wconf 87' lang='lat' dir='ltr'>libri</span> <span class='ocrx_word' id='word_1_249' title='bbox 571 2621 816 2679; x_wconf 80' lang='grc' dir='ltr'><em>ἀντιλέγει’</em></span> <span class='ocrx_word' id='word_1_250' title='bbox 859 2621 1108 2679; x_wconf 83' lang='grc' dir='ltr'><em>νομίζουσα</em></span> <span class='ocrx_word' id='word_1_251' title='bbox 1140 2623 1242 2668; x_wconf 88' lang='lat' dir='ltr'><em>Mor</em></span> <span class='ocrx_word' id='word_1_252' title='bbox 1257 2623 1324 2667; x_wconf 81' lang='lat' dir='ltr'><em>Re</em></span> <span class='ocrx_word' id='word_1_253' title='bbox 1458 2628 1513 2667; x_wconf 88' lang='lat'><em>13</em></span> <span class='ocrx_word' id='word_1_254' title='bbox 1553 2622 1604 2667; x_wconf 78' lang='grc' dir='ltr'><em>δὲ</em></span> <span class='ocrx_word' id='word_1_255' title='bbox 1635 2622 1823 2677; x_wconf 82' lang='lat' dir='ltr'>inserui,</span> 
     </span>
     <span class='ocr_line' id='line_1_33' title="bbox 197 2680 1885 2740; baseline -0.001 -15"><span class='ocrx_word' id='word_1_256' title='bbox 197 2681 254 2737; x_wconf 82' lang='grc' dir='ltr'><em>δὴ</em></span> <span class='ocrx_word' id='word_1_257' title='bbox 289 2683 476 2725; x_wconf 71' lang='lat' dir='ltr'>auctore</span> <span class='ocrx_word' id='word_1_258' title='bbox 501 2680 657 2724; x_wconf 80' lang='lat' dir='ltr'>Gasda</span> <span class='ocrx_word' id='word_1_259' title='bbox 674 2681 776 2738; x_wconf 87' lang='lat' dir='ltr'><em>Rog</em></span> <span class='ocrx_word' id='word_1_260' title='bbox 838 2696 913 2725; x_wconf 90' lang='lat' dir='ltr'><em>om</em></span> <span class='ocrx_word' id='word_1_261' title='bbox 944 2682 1052 2725; x_wconf 89' lang='lat' dir='ltr'>libri</span> <span class='ocrx_word' id='word_1_262' title='bbox 1077 2682 1178 2726; x_wconf 88' lang='lat' dir='ltr'><em>Mor</em></span> <span class='ocrx_word' id='word_1_263' title='bbox 1194 2683 1261 2726; x_wconf 80' lang='lat' dir='ltr'><em>Re</em></span> <span class='ocrx_word' id='word_1_264' title='bbox 1384 2688 1438 2726; x_wconf 88' lang='grc'><em>14</em></span> <span class='ocrx_word' id='word_1_265' title='bbox 1471 2681 1667 2740; x_wconf 84' lang='grc' dir='ltr'><em>ὑπάρχει</em></span> <span class='ocrx_word' id='word_1_266' title='bbox 1697 2681 1885 2737; x_wconf 84' lang='lat' dir='ltr'>reposui</span> 
     </span>
     <span class='ocr_line' id='line_1_34' title="bbox 197 2738 1885 2798; baseline 0 -14"><span class='ocrx_word' id='word_1_267' title='bbox 197 2754 221 2785; x_wconf 84' lang='lat' dir='ltr'>e</span> <span class='ocrx_word' id='word_1_268' title='bbox 252 2740 385 2784; x_wconf 87' lang='lat' dir='ltr'>libris</span> <span class='ocrx_word' id='word_1_269' title='bbox 418 2753 523 2783; x_wconf 84' lang='lat' dir='ltr'><em>cum</em></span> <span class='ocrx_word' id='word_1_270' title='bbox 554 2741 658 2797; x_wconf 84' lang='lat' dir='ltr'><em>Rog</em></span> <span class='ocrx_word' id='word_1_271' title='bbox 719 2739 903 2798; x_wconf 82' lang='grc' dir='ltr'><em>ὑπέρχει</em></span> <span class='ocrx_word' id='word_1_272' title='bbox 935 2741 1037 2785; x_wconf 87' lang='lat' dir='ltr'><em>Mor</em></span> <span class='ocrx_word' id='word_1_273' title='bbox 1061 2741 1128 2784; x_wconf 81' lang='lat' dir='ltr'><em>Re</em></span> <span class='ocrx_word' id='word_1_274' title='bbox 1251 2745 1304 2784; x_wconf 85' lang='lat'><em>15</em></span> <span class='ocrx_word' id='word_1_275' title='bbox 1335 2738 1371 2785; x_wconf 87' lang='grc' dir='ltr'><em>τ’</em></span> <span class='ocrx_word' id='word_1_276' title='bbox 1408 2741 1572 2797; x_wconf 81' lang='lat' dir='ltr'>scripsi</span> <span class='ocrx_word' id='word_1_277' title='bbox 1604 2742 1791 2784; x_wconf 77' lang='lat' dir='ltr'>auctore</span> <span class='ocrx_word' id='word_1_278' title='bbox 1815 2741 1885 2784; x_wconf 80' lang='lat' dir='ltr'><em>Re</em></span> 
     </span>
     <span class='ocr_line' id='line_1_35' title="bbox 197 2797 1883 2856; baseline 0.001 -14"><span class='ocrx_word' id='word_1_279' title='bbox 197 2814 301 2843; x_wconf 84' lang='lat' dir='ltr'><em>cum</em></span> <span class='ocrx_word' id='word_1_280' title='bbox 333 2799 436 2856; x_wconf 87' lang='lat' dir='ltr'><em>Rog</em></span> <span class='ocrx_word' id='word_1_281' title='bbox 497 2797 543 2856; x_wconf 77' lang='grc' dir='ltr'><em>γ’</em></span> <span class='ocrx_word' id='word_1_282' title='bbox 577 2798 687 2842; x_wconf 88' lang='lat' dir='ltr'>libri</span> <span class='ocrx_word' id='word_1_283' title='bbox 718 2799 820 2842; x_wconf 89' lang='lat' dir='ltr'><em>Mor</em></span> <span class='ocrx_word' id='word_1_284' title='bbox 834 2799 903 2842; x_wconf 81' lang='lat' dir='ltr'><em>Re</em></span> <span class='ocrx_word' id='word_1_285' title='bbox 1025 2804 1080 2843; x_wconf 82' lang='lat'><em>20</em></span> <span class='ocrx_word' id='word_1_286' title='bbox 1104 2799 1268 2856; x_wconf 80' lang='grc' dir='ltr'><em>λόγους</em></span> <span class='ocrx_word' id='word_1_287' title='bbox 1291 2800 1398 2856; x_wconf 74' lang='lat' dir='ltr'>post</span> <span class='ocrx_word' id='word_1_288' title='bbox 1421 2800 1528 2851; x_wconf 78' lang='grc' dir='ltr'><em>τοὺς</em></span> <span class='ocrx_word' id='word_1_289' title='bbox 1551 2799 1653 2843; x_wconf 83' lang='grc' dir='ltr'><em>Μοι·</em></span> <span class='ocrx_word' id='word_1_290' title='bbox 1674 2799 1742 2842; x_wconf 78' lang='lat' dir='ltr'><em>Re</em></span> <span class='ocrx_word' id='word_1_291' title='bbox 1805 2800 1883 2843; x_wconf 86' lang='lat' dir='ltr'><em>de-</em></span> 
     </span>
     <span class='ocr_line' id='line_1_36' title="bbox 196 2858 1883 2917; baseline 0.001 -17"><span class='ocrx_word' id='word_1_292' title='bbox 196 2858 288 2902; x_wconf 84' lang='lat' dir='ltr'>levi</span> <span class='ocrx_word' id='word_1_293' title='bbox 321 2872 423 2901; x_wconf 85' lang='lat' dir='ltr'><em>cum</em></span> <span class='ocrx_word' id='word_1_294' title='bbox 455 2858 559 2915; x_wconf 87' lang='lat' dir='ltr'><em>Rog</em></span> <span class='ocrx_word' id='word_1_295' title='bbox 625 2858 737 2916; x_wconf 86' lang='grc' dir='ltr'><em>τῶν]</em></span> <span class='ocrx_word' id='word_1_296' title='bbox 771 2858 982 2913; x_wconf 86' lang='grc' dir='ltr'><em>ἀνοήτων</em></span> <span class='ocrx_word' id='word_1_297' title='bbox 1013 2858 1175 2902; x_wconf 81' lang='lat' dir='ltr'>Iacobs</span> <span class='ocrx_word' id='word_1_298' title='bbox 1207 2859 1318 2902; x_wconf 75' lang='lat' dir='ltr'><strong>Lect</strong></span> <span class='ocrx_word' id='word_1_299' title='bbox 1351 2863 1432 2902; x_wconf 84' lang='lat'><em>197</em></span> <span class='ocrx_word' id='word_1_300' title='bbox 1477 2862 1483 2915; x_wconf 86' lang='grc' dir='ltr'>Ι</span> <span class='ocrx_word' id='word_1_301' title='bbox 1525 2859 1730 2916; x_wconf 87' lang='grc' dir='ltr'><em>ὑπῆρχεν</em></span> <span class='ocrx_word' id='word_1_302' title='bbox 1763 2858 1883 2917; x_wconf 86' lang='grc' dir='ltr'><em>ἀρχὴ</em></span> 
     </span>
     <span class='ocr_line' id='line_1_37' title="bbox 197 2915 1485 2974; baseline 0.001 -14"><span class='ocrx_word' id='word_1_303' title='bbox 197 2916 437 2972; x_wconf 84' lang='grc' dir='ltr'><em>Σωκράτει</em></span> <span class='ocrx_word' id='word_1_304' title='bbox 468 2916 630 2960; x_wconf 83' lang='lat' dir='ltr'>Iacobs</span> <span class='ocrx_word' id='word_1_305' title='bbox 659 2918 665 2972; x_wconf 81' lang='grc' dir='ltr'>Ι</span> <span class='ocrx_word' id='word_1_306' title='bbox 693 2916 865 2974; x_wconf 85' lang='grc' dir='ltr'><em>βλάβης</em></span> <span class='ocrx_word' id='word_1_307' title='bbox 895 2915 948 2961; x_wconf 84' lang='grc' dir='ltr'><em>δέ</em></span> <span class='ocrx_word' id='word_1_308' title='bbox 978 2934 1022 2960; x_wconf 86' lang='grc' dir='ltr'><em>τι</em></span> <span class='ocrx_word' id='word_1_309' title='bbox 1053 2930 1078 2960; x_wconf 84' lang='lat' dir='ltr'>e</span> <span class='ocrx_word' id='word_1_310' title='bbox 1110 2917 1201 2960; x_wconf 83' lang='lat' dir='ltr'><em>Par</em></span> <span class='ocrx_word' id='word_1_311' title='bbox 1232 2921 1347 2960; x_wconf 83' lang='lat'>3017</span> <span class='ocrx_word' id='word_1_312' title='bbox 1380 2917 1485 2974; x_wconf 87' lang='lat' dir='ltr'><em>Rog</em></span> 
     </span>
    </p>
   </div>
  </div>
 </body>
</html>
