2026 3192
242 116 351 168 522
732 115 959 159 LIBANII
990 115 1382 160 DECLAMATIO
1415 117 1477 159 XI

242 251 503 305 δεδέσθαι
545 249 605 304 δὲ
646 251 704 304 ἐκ
743 259 837 320 τῆς
869 251 1101 320 ἀπορίας
1132 251 1376 320 γέγονεν.
1411 254 1458 305 εἰ
1489 259 1630 320 γοῦν
1661 248 1730 320 ἧν
1763 254 1938 317 εὐθὺς

242 340 470 408 ἐκτίσαι,
527 340 669 394 οἴκοι
726 339 795 392 ἂν
850 336 943 408 ἧν,
999 339 1116 393 ἀλλ’
1172 339 1311 410 οὐκξ
1330 341 1390 394 ἐν
1444 348 1518 414 τῷ
1567 342 1934 414 δεσμωτηρίῳ.

240 429 383 483 οὕτω
425 431 714 500 χρήμασιν,
755 429 821 481 οὐ
863 430 1043 501 δεσμῷ
1083 431 1421 482 κεκόλασται.
1461 428 1610 498 μένει
1650 432 1844 484 τοίνυν
1875 430 1937 484 ἐν

206 504 210 507 γ
241 517 360 587 ἐμοὶ
399 519 460 571 τὸ
503 520 737 587 ὄφλημα.
779 526 942 571 τοῦτο
977 518 1042 571 δέ
1070 517 1223 572 ἐστιν
1255 519 1501 587 ὀφείλειν
1532 519 1667 588 ὑμῖν
1699 519 1936 573 Μιλτιά-

195 628 214 660 5
240 607 345 675 δην
383 607 474 659 καὶ
514 610 687 671 ζῶντα
726 606 816 659 καὶ
857 610 1289 675 τετελευτηκότα.

350 696 435 748 22.
476 699 675 748 Καίτοι
715 694 805 749 καὶ
846 697 970 764 περὶ
1010 704 1106 763 τῆς
1146 696 1352 764 ἀπάτης
1383 695 1474 749 καὶ
1507 703 1607 749 τοῦ
1639 698 1740 765 τὴν
1772 700 1935 751 πόλιν

236 785 344 838 ὑπὸ
384 793 483 838 τοῦ
523 787 726 853 πατρὸς
767 786 1068 854 ἠδικῆσθαι
1108 787 1284 838 πολλὰ
1323 783 1425 852 μὲν
1463 786 1694 856 ὑπάρχει
1734 786 1933 855 λέγειν,

236 875 412 943 μάτην
467 873 515 927 δ’
578 874 648 927 ἂν
702 874 832 937 ἴσως
889 874 1116 942 λέγοιτο.
1172 876 1253 937 τίς
1308 876 1411 943 γὰρ
1468 876 1658 943 ὄνησις
1705 875 1934 929 δικαίων

236 966 419 1031 λόγων
443 972 544 1016 τοῦ
568 971 765 1033 καιροῦ
797 965 1202 1032 παρελθόντος;
1235 963 1325 1015 καὶ
1350 965 1454 1033 γὰρ
1486 962 1556 1015 ἂν
1580 964 1836 1032 μυριάκις
1861 965 1933 1026 ὡς

171 1074 213 1105 10
238 1052 406 1106 οὐδὲν
439 1053 696 1122 ἠδίκηκεν
729 1051 996 1121 ἐπιδείξω,
1028 1052 1413 1120 κατέγνωσται.
1454 1053 1522 1105 οὐ
1554 1054 1663 1121 μὴν
1704 1051 1843 1121 ἀλλ’,
1885 1055 1932 1106 εἰ

235 1142 528 1210 βούλεσθε,
552 1143 719 1210 μικρὰ
743 1140 833 1194 καὶ
859 1141 983 1211 περὶ
1008 1143 1210 1195 τούτου
1240 1141 1554 1208 διαλέξομαι
1589 1149 1687 1194 τοῦ
1712 1141 1930 1210 μέρους,

238 1228 308 1282 ἵν’
346 1231 525 1298 εἰδῆτε
556 1231 616 1283 τὸ
650 1231 853 1300 ῥᾳδίως
885 1234 1187 1284 πείθεσθαι
1219 1240 1333 1293 τοῖς
1364 1229 1778 1298 παροξύνουσιν
1810 1224 1931 1284 οἷόν

236 1318 364 1372 ἐστι.
443 1320 526 1372 23.
580 1321 952 1388 Μιλτιάδης
990 1320 1105 1372 τὸν
1145 1321 1352 1387 δῆμον
1398 1329 1526 1372 τῶν
1573 1318 1930 1388 Ἀθηναίων

236 1405 609 1477 ἐπεθύμησε
672 1409 1096 1476 καταβλάψαι.
1168 1409 1558 1461 πεπιστεύκατε
1620 1407 1744 1476 μέν,
1800 1413 1929 1471 ἴσως

166 1518 209 1549 -15
234 1493 294 1548 δὲ
350 1497 451 1550 οὐκ
507 1497 707 1566 ὀρθῶς.
765 1498 856 1550 διὰ
911 1499 966 1550 τί
1018 1498 1144 1566 γάρ;
1200 1507 1311 1550 τῶν
1367 1497 1575 1565 ἀτίμων
1630 1492 1768 1565 ἧνῆ
1816 1506 1929 1550 τῶν

234 1585 620 1656 ἐλαυνομένων
674 1587 707 1655 ἢ
761 1596 874 1639 τῶν
926 1585 1279 1655 μισουμένων
1333 1586 1365 1654 ἢ
1420 1596 1531 1639 τῶν
1585 1586 1752 1638 οὐδὲν
1808 1606 1928 1653 γεν-

234 1683 394 1727 ναῖον
443 1674 818 1744 εἰργασμένων
865 1675 898 1743 ἢ
946 1684 1058 1732 τῶν
1099 1673 1185 1743 ἐφ’
1233 1668 1315 1735 οἷς
1354 1672 1593 1743 ἔπραξαν
1637 1675 1737 1727 οὐκ
1777 1674 1926 1726 ε’παι-

233 1762 541 1829 νουμένων;
606 1765 653 1816 εἰ
722 1764 825 1832 γὰρ
895 1764 985 1816 καὶ
1055 1773 1166 1816 τῶν
1237 1763 1596 1833 φαυλοτέρων
1656 1765 1927 1832 πρότερον

231 1847 324 1919 ἧν,
389 1853 490 1906 οὐκ
544 1851 614 1904 ἂν
667 1852 774 1905 ὑπὸ
830 1860 929 1905 τοῦ
992 1856 1353 1922 Μαραθῶνος
1409 1851 1622 1920 ἐγένετο
1670 1855 1923 1923 βελτίων;

162 1962 208 1994 -20
230 1948 337 1993 νῦν
407 1938 467 1993 δὲ
537 1940 616 1993 ὢν
679 1946 829 2011 εἴπερ
893 1961 974 2004 τις
1038 1943 1328 2010 φιλόπολις
1388 1940 1478 1994 καὶ
1545 1942 1925 2010 κατωρθωκὼς

231 2028 264 2081 ἃ
310 2028 498 2098 μηδεὶς
546 2029 615 2082 ἂν
662 2031 1034 2100 προσεδόκησε
1079 2029 1170 2082 καὶ
1225 2032 1642 2099 θαυμαζόμενος
1697 2030 1768 2092 ὡς
1823 2030 1923 2098 οὐχ

229 2116 412 2186 ἕτερος
451 2119 615 2181 αὐτὸς
653 2117 723 2171 ἂν
770 2118 940 2170 αὑτὸν
987 2118 1213 2171 ἀπώλλυ
1259 2117 1350 2171 καὶ
1396 2127 1582 2180 κακοῖς
1627 2119 1767 2171 καλὰ
1814 2117 1923 2170 διέ-

230 2212 431 2276 φθειρε
485 2215 602 2269 τοῖς
649 2206 927 2276 δευτέροις
981 2208 1047 2258 τὰ
1100 2216 1310 2275 πρῶτα;
1365 2206 1700 2276 μαινομένου
1753 2215 1923 2259 ταῦτα

141 2299 259 2343 RIV
277 2306 363 2343 344
410 2294 499 2348 καὶ
547 2304 1055 2365 παραφρονοῦντος.
1132 2295 1218 2347 24.
1265 2298 1347 2357 τίς
1401 2292 1504 2348 οὖν
1557 2291 1627 2363 ἧν
1667 2295 1694 2348 ὁ
1739 2303 1872 2358 νοῦς
1912 2292 1918 2364 Ι

350 2416 370 2453 1
417 2406 476 2467 ἦν
508 2425 582 2454 om
614 2412 673 2453 Vi
816 2417 840 2453 2
886 2410 1062 2455 ἐκτίσαι
1102 2411 1159 2454 cf.
1194 2412 1254 2453 ad
1285 2426 1329 2467 p.
1357 2415 1501 2466 520‚8
1553 2414 1558 2467 Ι
1609 2409 1668 2456 ἂν
1702 2407 1773 2468 ἦν]
1809 2410 1920 2466 ἐνῆν

237 2471 294 2513 Va·
414 2476 439 2512 5
473 2471 553 2513 καὶ
583 2473 730 2522 ζῶντα
756 2485 830 2514 om
855 2471 923 2514 Re
1043 2475 1069 2513 8
1102 2470 1205 2514 ἴσθι
1239 2472 1295 2514 Vi
1322 2474 1327 2526 Ι
1356 2471 1435 2514 καὶ
1460 2473 1568 2514 ante
1593 2469 1770 2527 λέγοιτο
1796 2470 1921 2514 inser

230 2530 338 2572 Lau
371 2529 460 2571 edd
524 2529 674 2572 delevi
707 2544 807 2572 eum
845 2529 1001 2572 Gasda
1029 2531 1034 2585 Ι
1063 2528 1279 2588 δικαίων]
1311 2537 1402 2573 τῶν
1437 2531 1495 2573 Vi
1616 2534 1667 2572 11
1701 2529 1782 2573 καὶ
1813 2530 1920 2584 περὶ

226 2588 392 2631 τούτου
425 2587 566 2642 μικρὰ
590 2590 635 2632 Β
760 2593 812 2632 13
846 2585 948 2632 οἷόν
982 2588 1092 2646 ἐστι]
1124 2585 1243 2632 οἷον·
1280 2586 1348 2632 ὄτι
1381 2588 1485 2632 coni
1507 2588 1670 2632 Iacobs
1695 2589 1807 2631 Lech
1835 2593 1917 2632 112

233 2648 238 2704 Ι
274 2648 395 2690 ἐστιν
420 2647 462 2689 L
496 2647 577 2690 sed
601 2665 628 2691 ν
653 2662 753 2690 eras
877 2652 931 2691 14
956 2646 1198 2705 ἠβουλήθη
1224 2648 1258 2690 Ι
1278 2650 1284 2703 Ι
1312 2648 1698 2704 πεπιστεύκαμεν·
1733 2646 1835 2690 ἴσθι
1862 2648 1920 2691 Vi

347 2711 401 2749 15
417 2704 542 2749 ὃιατί
554 2707 610 2750 Vi
636 2713 640 2755 Ι
669 2707 853 2763 signum
869 2706 1247 2763 interrogationis
1263 2708 1370 2763 post
1387 2706 1474 2762 γάρ
1492 2707 1626 2762 posui
1645 2721 1747 2749 oum
1763 2705 1918 2749 Gasda
1936 2755 1940 2759 ⁴

287 2778 466 2807 comma
491 2765 723 2808 BLILau
756 2765 847 2808 edd
909 2779 984 2808 om
1011 2766 1068 2809 Vi
1094 2767 1099 2821 Ι
1127 2765 1215 2822 γάρ
1247 2782 1315 2816 τις
1346 2773 1436 2809 τῶν
1454 2767 1500 2809 Β
1623 2770 1675 2808 17
1711 2765 1916 2819 ἔπραξαν

227 2852 391 2908 scripsi
435 2866 539 2895 cum
572 2852 730 2896 easda
807 2839 1012 2908 ἔπραξέἕί,
1047 2854 1105 2897 Vi
1181 2854 1375 2908 ἔπραξεν
1408 2854 1638 2898 BLILau
1686 2853 1776 2896 edd

230 2914 284 2954 18
308 2918 399 2955 τῶν
415 2911 642 2966 πρότερον
667 2911 965 2968 φαυλοτέρων
984 2911 1142 2955 Gasda
1263 2917 1318 2955 20
1344 2911 1492 2968 ὥσπερ
1511 2913 1570 2956 Vi
1691 2917 1744 2954 22
1771 2911 1915 2955 αὐτὸν

227 2971 336 3013 Lau
458 2974 512 3013 23
544 2968 775 3025 πρότεραῗ
897 2976 953 3013 24
985 2965 1043 3026 ἦν
1077 2985 1151 3015 om
1186 2972 1242 3014 Vi
