2026 3192
259 115 367 166 416
665 113 893 158 LIBANII
922 113 1312 158 DECLAMATIO
1345 113 1429 158 VII
1458 113 1564 158 VIII

258 258 360 303 tem
398 255 454 301 H
454 254 496 303 Ο
503 255 562 303 Va·
574 253 858 303 VaBMaGl
895 256 948 302 in
988 254 1111 302 duas
1152 254 1410 302 discedunt
1448 255 1688 315 familias,
1736 270 1947 316 quarum

258 331 396 392 prior
420 329 667 378 codicibus
684 329 783 378 ΗΟ
796 330 864 391 Vi,
883 329 1043 377 altera
1069 327 1356 377 VaBMaOl
1373 328 1667 390 continetur,
1683 331 1756 377 ita
1779 333 1948 377 tamen

258 405 316 451 ut
338 403 388 451 B
419 404 572 451 etiam
602 405 704 451 vim
736 403 916 451 codicis
948 404 1127 465 prioris
1159 403 1378 451 familiae
1411 406 1639 464 expertus
1671 405 1737 451 sit
1749 397 1789 469 l)
1816 405 1865 451 et
1893 405 1947 451 in

270 479 329 525 Vi
361 478 513 525 etiam
544 478 732 525 multae
763 478 999 526 lectiones
1034 478 1240 525 alterius
1272 477 1494 525 familiae
1524 477 1826 527 transierint.

370 552 542 599 Artior
573 555 742 600 autem
772 551 1035 599 intercedit
1065 552 1195 599 ratio
1230 553 1363 599 inter
1387 551 1576 600 codices
1605 551 1646 600 Ο
1675 555 1726 599 et
1759 553 1840 613 Vi,
1875 551 1950 598 Va

260 628 310 674 et
340 627 406 689 B,
437 627 532 674 Ma
557 629 607 674 et
634 626 703 674 Ol.

370 701 760 748 Necessitudinis
793 700 948 763 igitur
986 700 1236 747 vinculum
1278 715 1376 760 quo
1422 700 1667 747 coniuncti
1707 703 1822 748 sunt
1858 702 1950 749 hoc

258 774 352 822 tibi
381 774 554 823 reddet
585 777 817 822 stemma:

1273 1409 1309 1452 B
1372 1410 1448 1453 Ma
1554 1409 1605 1454 Cl

372 1518 516 1566 Prius
549 1517 765 1567 codicem
797 1518 830 1566 d
854 1534 878 1566 e
913 1535 1009 1580 quo
1040 1519 1082 1568 O
1109 1520 1157 1566 et
1191 1519 1251 1566 Vi
1282 1521 1621 1579 manaverunt,
1652 1520 1759 1565 tum
1791 1518 1949 1565 denuo

261 1593 479 1641 codicem
506 1593 565 1640 Vi
581 1608 781 1640 manum
806 1593 1230 1654 interpolatricem
1255 1595 1511 1654 expertum
1536 1607 1638 1641 esse
1657 1593 1949 1639 documento

262 1668 378 1715 sunt
407 1667 574 1728 plures
605 1667 702 1715 loci
735 1661 803 1733 (p.
831 1668 954 1727 436,
975 1669 1066 1735 I93
1093 1669 1215 1727 443,
1236 1669 1288 1728 33
1313 1683 1361 1729 p.
1387 1660 1630 1732 440‚18).
1672 1665 1768 1713 Sed
1800 1667 1952 1714 etiam

262 1740 412 1788 codex
455 1741 483 1789 b
526 1743 723 1803 saepius
772 1758 924 1803 quam
965 1741 1018 1788 in
1061 1741 1506 1789 declamationibus
1550 1740 1951 1789 antecedentibus

260 1815 601 1879 neglegentiae
632 1815 827 1863 librarii
858 1817 1071 1878 vestigia
1101 1815 1319 1877 praebet.
1382 1815 1522 1863 Unde
1561 1816 1750 1863 factum
1790 1818 1865 1862 est
1895 1817 1952 1861 ut

261 1889 380 1937 fides
403 1890 583 1951 prioris
608 1889 830 1938 codicum
853 1889 1073 1937 familiae
1099 1906 1211 1951 non,
1236 1893 1295 1937 ut
1317 1890 1369 1936 in
1396 1889 1511 1950 illis,
1529 1891 1688 1936 maior
1711 1889 1778 1937 sit
1803 1904 1951 1950 quam

262 1963 484 2012 alterius.
540 1963 635 2011 Sed
667 1981 727 2011 ne
763 1965 837 2011 Va
870 1964 1066 2025 quidem
1095 1963 1561 2026 interpolationibus
1592 1962 1719 2011 liber
1741 1965 1829 2010 est.
1878 1961 1950 2010 Of.

260 2054 308 2099 p.
335 2038 458 2099 425,
478 2039 545 2086 14
562 2053 632 2099 sq.

373 2111 544 2173 Neque
576 2127 759 2173 parvus
796 2115 870 2159 est
909 2127 1141 2159 numerus
1179 2113 1590 2159 testimoniorum.
1653 2111 1950 2158 Macarius

262 2186 394 2234 enim
426 2180 998 2252 Chrysocephalus2)
1033 2187 1165 2234 locos
1197 2188 1383 2247 septem
1416 2185 1661 2244 laudavit,
1702 2185 1950 2232 Thomas

262 2259 552 2323 Magister
577 2258 1138 2323 quattuor,Georgius
1165 2253 1565 2324 Lacapenus3)
1583 2261 1700 2317 tres,
1724 2251 1950 2323 auctor4)

264 2333 420 2380 libelli
444 2332 553 2395 περὶ
576 2340 663 2397 τῆς
687 2334 960 2392 συντάξεως
983 2341 1080 2382 τῶν
1104 2332 1334 2398 ῥημάτων
1359 2349 1384 2381 e
1409 2333 1573 2381 codice
1599 2334 1949 2396 Augustano

264 2424 294 2456 a
324 2406 444 2456 God.
477 2407 761 2455 Hermanno
796 2407 916 2455 editi
949 2409 1033 2469 qui
1064 2408 1357 2469 plerumque
1390 2422 1500 2454 cum
1524 2407 1782 2467 Lacapeno
1815 2406 1950 2466 facit,

264 2485 314 2529 et
345 2484 518 2536 auctor
549 2482 851 2545 florilegii
882 2475 1328 2546 Neapolitanif’)
1363 2481 1596 2544 singulos.

385 2640 426 2694 l)
461 2637 527 2681 Cf.
561 2653 701 2693 supra
731 2653 777 2693 p.
804 2642 902 2681 367.

384 2699 427 2753 2)
461 2695 527 2740 Cf.
561 2699 595 2740 t.
619 2696 640 2738 Ι
671 2711 715 2752 p.
742 2701 824 2739 351
846 2711 912 2752 sp.

384 2759 427 2812 3)
461 2755 526 2799 Cf.
560 2758 592 2799 t.
619 2756 639 2798 I
669 2771 713 2811 p.
743 2760 809 2799 73.

381 2818 426 2870 4)
452 2814 584 2858 Hunc
610 2814 865 2857 Maximum
890 2813 1147 2857 Planudem
1171 2813 1315 2857 fuisse
1341 2813 1582 2857 contendit
1606 2813 1791 2856 Bastius
1813 2811 1946 2870 Greg.

263 2872 363 2917 Cor.
399 2874 469 2917 ed.
504 2873 722 2917 Schaefer
752 2888 796 2929 p.
822 2878 878 2916 42
911 2873 1066 2916 nescio
1100 2887 1190 2928 quo
1222 2873 1335 2916 iure.

385 2935 427 2988 5)
461 2931 526 2975 Cf.
561 2946 702 2988 supra
732 2947 777 2987 p.
804 2936 889 2975 368
908 2946 973 2986 sq.
