2054 3192
255 114 358 166 138
734 114 963 158 LIBANII
994 114 1384 160 DECLAMATIO
1416 116 1459 159 II

253 258 438 318 σοφεῖ·
504 249 787 321 Σωκράτει
836 251 898 303 δὲ
946 249 1083 320 μηδὲ
1123 251 1152 305 ὁ
1193 251 1358 315 αὐτὸς
1404 252 1534 323 ὅρος
1581 251 1805 322 γένηται
1843 262 1944 307 τοῦ

253 340 380 405 βίου
418 337 510 391 καὶ
548 347 645 407 τῆς
684 343 1047 409 φιλοσοφιάς;

365 427 450 479 23.
480 426 673 495 Λέγει
704 430 823 499 γὰρ
857 429 973 483 οὐκ
1007 428 1428 499 ἐπιτηδείους
1458 431 1611 484 οὐδὲ
1643 433 1947 494 δικαίους

255 517 516 586 λόγους,
557 517 629 580 ὡς
668 516 832 571 αὐτοί
867 533 1053 588 φασιν.
1133 520 1342 574 οὐκοῦν
1379 519 1533 573 ταῦτ’
1577 518 1728 574 ἐστὶν
1767 516 1846 574 ὧν
1878 522 1946 590 δὴ

163 608 266 652 Mor
282 613 432 665 p.230
464 604 746 659 ἀπολεῖται
793 607 977 678 χάριν;
1033 605 1200 662 οὐδὲν
1247 605 1351 662 οὗν
1389 611 1606 678 ἔχοντες
1647 607 1653 680 Ι
1697 609 1949 679 ἐγκαλεῖν

209 713 228 745 e
253 691 423 746 πλέον
476 689 554 747 ὧν
606 693 794 749 ἕνεκεν
849 695 1050 750 ἑάλωκε
1096 698 1332 766 μηδενὸς
1373 695 1511 766 μηδὲ
1556 704 1793 767 τιμᾶσθε
1837 707 1950 751 τῶν

255 783 602 852 τιμηθέντων
641 787 904 854 μείζονος.
966 785 1127 839 ἀλλὰ
1174 788 1573 856 διαφθείρει.
1634 790 1692 840 τί
1733 787 1839 857 γὰρ
1872 789 1951 850 εἰς

254 874 314 925 τὸ
357 873 730 943 δεσμωτήριον
767 876 1055 945 μειράκιον
1094 878 1504 946 παρελήλυθεν;
1544 874 1952 946 Ἀπολλόδωρος

255 963 344 1015 καὶ
384 965 610 1033 Κρίτων
648 961 738 1016 καὶ
788 965 1014 1017 Φαίδων
1051 965 1141 1029 καὶ
1182 966 1424 1033 Σιμμίας
1461 965 1551 1018 καὶ
1591 963 1789 1034 Κέβης,
1834 962 1950 1032 Ἐρ-

190 1073 233 1105 10
257 1050 517 1119 μογένης,
581 1049 892 1121 Ἐπιγένης,
953 1051 1330 1122 Ἀντισθένης,
1391 1055 1682 1123 Αἰσχίνης,
1753 1055 1953 1124 ἄνδρες

257 1139 528 1210 γέροντες,
568 1139 820 1209 ὁμιληταὶ
861 1143 1209 1211 Σωκράτους.
1287 1138 1443 1196 οὗτοι
1483 1142 1561 1212 δέ,
1602 1145 1653 1196 εἰ
1681 1140 1782 1212 μὲν
1821 1145 1952 1210 βλα-

259 1232 457 1300 βεροὺς
503 1228 594 1283 καὶ
640 1233 920 1301 πονηροὺς
968 1234 1168 1300 λόγους
1216 1231 1361 1300 λέγει
1410 1233 1732 1303 Σωκράτης,
1783 1234 1952 1285 πάλαι

260 1317 548 1387 δήπουθέν
609 1321 716 1372 εἰσι
779 1320 1201 1391 διεφθαρμένοι·
1280 1324 1332 1374 εἰ
1383 1319 1428 1374 δ’
1489 1321 1801 1390 ὠφελίμους
1860 1320 1950 1374 καὶ

259 1408 482 1476 καλούς,
523 1408 655 1462 οὐδὲ
700 1417 809 1462 νῦν
847 1408 1277 1479 ἀποστερεῖσθαι
1316 1411 1532 1463 τούτων
1579 1408 1684 1464 εἰσὶ
1732 1411 1950 1463 δίκαιοι.

194 1517 235 1549 15
260 1497 347 1550 24.
387 1499 554 1550 ἔασον
594 1494 698 1551 οὖν
736 1497 827 1551 καὶ
867 1500 940 1568 μὴ
978 1500 1128 1570 παρὰ
1174 1506 1337 1552 τοῦτο
1377 1501 1624 1570 ποιήσῃς.
1693 1508 1808 1561 πῶς
1847 1500 1953 1568 γὰρ

261 1587 328 1639 οὐ
376 1587 565 1641 δεινὸν
614 1590 858 1657 Γοργίαν
911 1585 1014 1657 μὲν
1067 1586 1159 1641 καὶ
1199 1590 1578 1658 Πρωταγόραν
1633 1586 1814 1656 λέγειν
1859 1586 1952 1640 καὶ

262 1678 465 1728 Πῶλον
510 1674 602 1728 καὶ
650 1677 937 1746 Πρόδικον
984 1678 1083 1743 τὸν
1130 1677 1366 1742 ἀλαζόνα
1412 1675 1502 1730 καὶ
1536 1675 1775 1745 Ἱππίαν,
1822 1679 1953 1740 τοὺς

171 1769 333 1825 Morp.
353 1773 437 1813 232
471 1766 736 1833 σοφιστὰς
770 1765 861 1819 καὶ
892 1769 1172 1835 καπήλους
1202 1776 1314 1819 τῶν
1345 1768 1543 1834 λόγων,
1578 1763 1585 1837 Ι
1619 1764 1710 1819 καὶ
1741 1767 1955 1819 τούτων

261 1853 487 1908 ἀκούειν
517 1853 608 1907 καὶ
643 1856 757 1926 ἰδίᾳ
788 1854 878 1908 καὶ
910 1864 1068 1926 κοινῇ
1100 1857 1231 1918 τοὺς
1247 1854 1518 1924 ’Έλληνας
1549 1856 1954 1923 μισθοδοτοῦν-

196 1964 238 1996 20
261 1963 357 2006 τας
397 1943 598 2012 αὐτοῖς,
638 1944 961 2016 ἀνθρώποις
993 1943 1233 2006 Ἠλείοις
1283 1942 1374 1996 καὶ
1414 1945 1603 2007 Κείοις
1643 1944 1733 1997 καὶ
1773 1942 1955 2013 Ἄβδη-

382 2124 408 2162 8
454 2118 502 2163 cf
537 2135 580 2175 p.
609 2124 776 2175 29‚10;
824 2125 1020 2175 100‚10;
1067 2125 1208 2174 144‚1
1245 2120 1293 2162 eh
1316 2125 1355 2162 2.
1404 2119 1523 2163 Plat.
1562 2118 1732 2163 Phaed.
1772 2133 1818 2175 p.
1845 2118 1956 2161 59ss

385 2184 438 2222 13
481 2179 600 2222 Plat.
634 2179 755 2236 apol.
789 2195 833 2236 p.
861 2181 975 2223 34A
1129 2185 1183 2223 16
1226 2178 1275 2222 cf
1301 2193 1346 2235 p.
1373 2183 1510 2235 26‚7;
1548 2183 1805 2233 114‚15sq.

267 2242 319 2280 18
353 2237 470 2281 Plat.
505 2238 628 2282 Prot.
660 2254 704 2295 p.
733 2239 875 2283 313D

387 2407 407 2444 1
443 2401 503 2458 μὴ
537 2401 588 2446 δὲ
614 2404 658 2446 Β
686 2405 691 2458 Ι
721 2400 828 2458 ὅρος
851 2402 900 2445 in
924 2416 998 2445 ras
1025 2400 1137 2446 Ma²
1259 2406 1283 2444 2
1317 2398 1616 2457 φιλοσοφίας·
1651 2401 1697 2444 Β
1819 2403 1844 2442 5
1878 2398 1956 2442 οὐ·

267 2461 373 2506 δενὸ
408 2458 468 2505 αὖ
501 2462 546 2504 Β
668 2466 692 2504 6
737 2460 937 2506 ἑάλωκεν
972 2462 1061 2505 Ma
1103 2462 1109 2516 Ι
1160 2460 1274 2516 μηδὲ
1306 2460 1356 2503 in
1394 2459 1468 2504 lac
1499 2464 1527 2502 4
1564 2459 1644 2502 litss
1684 2472 1758 2503 om
1789 2458 1835 2501 Β
1897 2456 1958 2513 μὴ

267 2519 317 2563 δὲ
353 2522 440 2564 Ma
489 2523 495 2576 Ι
547 2524 774 2575 τιμᾶσθαι
809 2521 944 2565 ΜαΒ
1067 2524 1090 2562 7
1124 2517 1188 2577 τί]
1220 2519 1274 2563 τὸ
1309 2521 1396 2572 Ma
1525 2522 1550 2561 9
1585 2519 1664 2561 καὶ
1695 2514 1878 2571 Κρίτων
1911 2517 1958 2559 et

267 2580 346 2623 καὶ
378 2578 581 2636 Σιμμίας
618 2582 665 2622 et
700 2584 754 2623 10
784 2577 1074 2635 Ἀντισθένης
1113 2580 1161 2622 et
1193 2583 1247 2622 12
1283 2577 1401 2634 λέγει
1434 2592 1508 2621 om
1535 2579 1624 2621 Ma
1754 2579 1809 2619 14
1841 2575 1957 2619 εἰσὶν

267 2638 311 2682 οἱ
344 2636 520 2683 δίκαιοι
556 2640 643 2682 Μα
767 2643 820 2681 15
854 2637 940 2695 γὰρ
974 2636 1034 2683 ἂν
1066 2637 1120 2682 οὐ
1148 2639 1238 2682 Μα
1361 2641 1412 2679 17
1446 2637 1526 2679 καὶ
1550 2633 1760 2692 Ἱππίαν]
1787 2631 1956 2678 ἱππίαν

267 2698 349 2741 καὶ
384 2699 472 2742 Ma
597 2701 649 2739 19
684 2695 782 2742 ἰδία
815 2699 894 2740 καὶ
927 2702 1060 2751 κοινῆ
1089 2697 1226 2740 MaB
1347 2700 1404 2739 20
1436 2696 1594 2744 αὐτοῖς
1625 2694 1899 2746 ἀνθρώποις

268 2772 342 2800 om
367 2756 417 2800 in
440 2757 514 2799 lac
540 2761 566 2799 8
591 2756 670 2799 litt
688 2758 733 2800 Β
795 2757 954 2806 αὐτοῖς
977 2753 1136 2804 τᾶἶοίς
1161 2755 1251 2798 Ma
1274 2755 1398 2798 unde
1423 2754 1535 2798 olim
1560 2752 1793 2809 Gepperto
1817 2768 1957 2795 τανα-

269 2831 397 2872 γροις
428 2815 652 2871 scriptum
693 2829 791 2858 esse
830 2814 1026 2859 testanti
1066 2814 1205 2857 fidem
1243 2813 1421 2856 habens
1452 2809 1820 2869 Ἀκραγαντίνοις
1851 2811 1959 2867 post

268 2875 348 2918 καὶ
377 2873 533 2926 Κείοις
573 2874 864 2918 scribendum
901 2873 1078 2917 conieci
1110 2872 1226 2916 Mus.
1252 2872 1398 2915 Rhen.
1424 2871 1594 2915 XXXII
1619 2874 1673 2913 96
1707 2869 1832 2925 quod
1863 2869 1958 2912 iam

268 2934 479 2990 improbo
507 2936 513 2991 Ι
541 2931 699 2984 Κείοις
723 2932 888 2988 scripsi
949 2930 1069 2990 χίοις
1092 2930 1202 2975 libri
1263 2928 1398 2983 Κίοις
1414 2931 1516 2974 Mor
1542 2933 1549 2988 Ι
1577 2928 1851 2986 αὐδηρίταις
1869 2930 1958 2972 Μα
