2054 3192
620 133 700 177 DE
734 133 1019 178 SOCRATIS
1054 133 1330 179 SILENTIO
1718 136 1817 188 131

130 271 160 325 ὁ
195 272 392 324 Σόλων
431 270 692 338 ἄντικρύς
730 289 787 322 τε
826 268 916 322 καὶ
958 271 1266 340 διαρρήδην
1306 270 1673 341 ἀπειρημένον
1714 272 1821 324 ὑπὸ

130 369 240 413 τῶν
278 360 468 427 νόμων
506 355 644 427 μηδὲ
684 358 923 427 γράφειν
963 357 1043 411 ἐπ’
1092 358 1254 428 ἀνδρὶ
1295 361 1468 429 νόμον
1500 359 1532 427 ἢ
1565 364 1822 429 ψήφισμα

129 449 261 517 ὅπερ
286 446 356 500 ἂν
379 447 518 516 μηδὲ
548 447 741 500 κοινὸν
767 445 851 516 ἐφ’
885 447 1091 500 ἅπασιν
1115 446 1436 515 Ἀθηναίοις
1459 444 1515 518 ᾗς
1552 449 1599 502 9.
1624 467 1821 517 πονη-

128 539 236 607 ρός
267 555 331 589 τε
363 534 467 589 καὶ
501 535 1072 605 κατεψηφισμένος
1103 537 1202 590 ὤν.
1239 539 1244 605 Ι
1279 534 1418 590 ἔστω
1443 556 1611 606 πονη-
1644 543 1911 600 Morp.204

128 627 234 694 ρός.
309 621 483 693 μηδὲν
523 626 757 678 ἄπιστον
796 622 934 678 ἔστω
975 632 1071 693 τῆς
1103 634 1320 695 γραφῆς
1359 627 1496 696 μηδὲ
1534 635 1630 695 τῆς
1662 626 1819 680 Ἀνύ-
1870 649 1888 681 5

125 734 224 767 του
264 715 354 767 καὶ
386 716 649 781 Μελήτου
690 717 975 783 καταβοῆς.
1055 709 1115 767 εὖ
1158 708 1283 768 οἶδα
1324 715 1396 778 ὡς
1435 713 1585 768 ἔσται
1625 718 1822 786 χρόνος

127 802 187 856 ἐν
226 796 270 874 ᾦ
320 822 449 856 ποτε
491 809 858 872 σεμνυνεῖσθε
899 805 1203 873 Σωκράτει,
1243 805 1316 867 ὡς
1346 803 1683 877 Ἡρακλείτῳ
1723 802 1822 872 μὲν

119 890 386 960 Ἐφέσιοι,
428 878 743 962 Πυθαγόρᾳ
792 889 853 945 δὲ
894 893 1098 959 Σάμιοι
1145 891 1235 946 καὶ
1278 894 1514 946 Χείλωνι
1554 895 1822 947 Λακεδαι-

123 983 307 1047 μόνιοι
346 982 436 1034 καὶ
481 982 686 1048 Θάλητι
726 983 998 1049 Μιλήσιοι
1037 982 1125 1034 καὶ
1166 986 1423 1054 Πιττακῷ
1460 981 1691 1051 Λέσβιοι
1730 982 1819 1036 καὶ

124 1071 456 1143 Περιάνδρῳ
505 1073 807 1139 Κορίνθιοι
854 1070 946 1123 καὶ
991 1070 1149 1140 ὑμεῖς
1196 1071 1359 1124 αὐτοί
1407 1089 1539 1124 ποτε
1580 1074 1819 1126 Σόλωνι.
1846 1094 1888 1126 10

123 1167 254 1212 πᾶσι
295 1160 400 1229 γὰρ
449 1169 565 1222 τοῖς
612 1168 809 1228 σοφοῖς
856 1162 984 1224 ζῶσι
1032 1156 1133 1228 μὲν
1173 1159 1201 1212 ὁ
1241 1161 1389 1229 παρὰ
1436 1169 1548 1213 τῶν
1585 1164 1821 1228 πλησίον

123 1250 342 1316 φθόνος
380 1247 822 1316 ἀνταγωνίζεται,
858 1248 863 1317 Ι
900 1247 1304 1301 ἀποθανόντων
1343 1246 1405 1301 δὲ
1435 1254 1610 1302 καθα-
1642 1255 1744 1298 Mor
1759 1270 1802 1311 p.
1824 1260 1908 1299 206

123 1346 233 1405 ρῶς
274 1336 326 1401 ἐξ
367 1336 584 1390 ἀλύπου
624 1346 719 1406 τῆς
757 1340 1072 1406 αἰσθήσεως
1109 1337 1142 1405 ἡ
1185 1340 1355 1406 σοφία
1394 1341 1654 1406 κρίνεται.

238 1425 320 1478 10.
363 1429 492 1479 Νῦν
532 1427 593 1479 δὲ
626 1427 769 1480 οὕτω
804 1428 1080 1480 δοκοῦντα
1113 1424 1249 1480 ἔστω
1283 1434 1471 1491 ταῦτα,
1511 1428 1584 1490 ὡς
1617 1425 1818 1491 ἔδοξεν.

122 1515 332 1567 οὐκοῦν
371 1515 506 1584 ἅπερ
548 1515 758 1579 «ἔδοξενΥ
784 1515 844 1568 ἐν
890 1521 964 1587 τῷ
1014 1517 1374 1588 δικαστηρίῳ,
1421 1524 1593 1568 ταῦτα
1639 1521 1818 1584 κρίνε-
1846 1539 1886 1570 15

122 1609 258 1656 σθαι
314 1608 592 1675 προσήκει.
679 1603 831 1669 ἔδοξε
886 1603 947 1657 δὲ
1002 1615 1151 1657 πιεῖν
1206 1605 1514 1674 Σωκράτην
1566 1606 1818 1673 κώνειον,

122 1685 304 1762 ὥσπερ
344 1692 433 1746 καὶ
475 1696 640 1757 ἄλλος
678 1714 761 1757 τις
800 1694 904 1763 ἤδη
938 1702 1049 1746 τῶν
1080 1692 1590 1762 κατεψηφισμένων.
1653 1703 1818 1748 τοῦτο

120 1782 222 1848 μὲν
255 1778 357 1835 οὖν
391 1783 492 1836 οὐκ
524 1783 808 1837 ἀναίνεται
843 1781 1175 1853 Σωὶκράτης
1214 1780 1332 1836 οὐδ’
1373 1781 1443 1834 ἂν
1475 1782 1604 1836 ἀπο-
1638 1788 1741 1832 Mor
1757 1804 1801 1845 p.
1821 1793 1906 1831 208

242 1964 264 2002 1
300 1957 428 2002 Dcm.
463 1974 507 2015 p.
535 1963 636 2014 352,
657 1964 732 2012 123
770 1964 897 2013 1075,
918 1963 972 2002 10
1095 1964 1119 2001 2
1153 1959 1329 2002 Andoc.
1362 1959 1499 2014 mysss.
1535 1962 1560 2011 ξ
1585 1961 1639 2001 87
1667 1960 1714 2001 et
1746 1961 1814 2001 89.

122 2016 249 2061 Dem.
278 2018 473 2062 Timocr.
513 2023 537 2071 ξ
564 2023 641 2072 593
674 2018 895 2062 Aristocr.
928 2023 952 2072 ξ
985 2022 1063 2072 86;
1098 2017 1258 2073 Steph.
1290 2017 1332 2059 II
1364 2022 1389 2070 ξ
1425 2022 1492 2060 12.
1527 2017 1639 2061 Aen.
1674 2016 1814 2061 Theo.

120 2091 165 2132 p.
186 2081 292 2131 24,8
312 2078 382 2121 ed.
402 2077 548 2122 Boiss.
644 2083 669 2121 6
687 2077 830 2121 Thuc.
848 2078 869 2121 I
887 2082 991 2133 73,1
1013 2091 1118 2122 cum
1141 2079 1254 2120 nota
1271 2076 1496 2133 Kruegeri
1598 2081 1649 2120 11
1671 2076 1815 2120 Thuc.

121 2135 163 2178 H
194 2140 265 2190 45,
285 2142 323 2180 1.
365 2136 494 2181 Dem.
528 2153 572 2194 p.
601 2141 767 2192 330‚3;
802 2142 902 2188 441,
922 2141 977 2180 29
1114 2141 1166 2179 17
1200 2136 1303 2192 Lys.
1339 2150 1376 2179 c.
1410 2135 1535 2180 Erat.
1568 2151 1614 2192 p.
1640 2140 1741 2190 394,
1763 2141 1815 2179 13

243 2307 263 2343 1
300 2300 520 2356 ἄντικρύς
549 2317 598 2345 τε
630 2301 709 2344 καὶ
734 2299 1015 2358 διαρρήδην]
1042 2297 1102 2344 ἂν
1135 2313 1240 2343 cum
1271 2299 1442 2342 lacuna
1467 2302 1493 2342 8
1525 2298 1605 2341 litt
1628 2299 1673 2342 B
1703 2299 1708 2354 Ι
1736 2298 1815 2341 καὶ

122 2373 196 2403 om
232 2361 319 2404 Ma
346 2362 352 2415 Ι
379 2359 471 2404 ὑπὸ
505 2360 670 2416 scripsi
702 2374 726 2403 e
761 2361 898 2404 MaB
959 2359 1053 2403 ἀπὸ
1090 2360 1151 2402 Μ
1178 2358 1281 2402 Mor
1401 2363 1426 2400 3
1460 2357 1520 2414 μὴ
1546 2358 1597 2402 δὲ
1623 2358 1668 2401 Β
1695 2359 1702 2413 Ι
1730 2373 1815 2401 πο-

122 2417 262 2476 νηρός
292 2435 340 2463 τε
371 2419 450 2463 καὶ
483 2418 890 2476 κατεψηφισμένος
918 2418 982 2462 ὤν
1014 2431 1088 2462 om
1119 2418 1170 2461 in
1201 2418 1274 2461 lac
1311 2421 1364 2460 10
1396 2417 1476 2460 litt
1508 2418 1554 2461 B
1675 2421 1703 2460 4
1734 2417 1816 2459 καὶ

122 2491 197 2521 om
232 2480 319 2523 Ma
368 2481 374 2534 1
426 2478 511 2536 ὤν]
545 2476 637 2523 ἐστι’
670 2478 775 2522 coni
808 2478 909 2522 Mor
1038 2483 1063 2520 6
1097 2478 1330 2534 καταβοῆς
1360 2475 1527 2532 scripsi
1558 2489 1583 2519 e
1618 2477 1755 2520 MaB
1838 2526 1844 2537 ι

122 2538 381 2595 καταβολῆς
407 2539 467 2582 Μ
495 2537 596 2582 Mor
719 2542 743 2580 7
777 2540 1110 2594 σεμνυνεῖσθαι
1137 2538 1199 2580 Μ
1220 2537 1227 2592 1
1255 2534 1498 2590 Σωκράτει
1530 2549 1605 2579 om
1633 2536 1722 2578 Ma

123 2599 149 2639 8
188 2594 345 2654 χίλωνι
387 2597 524 2641 ΜαΒ
667 2601 692 2640 9
734 2597 813 2640 καὶ
855 2595 1133 2654 Περιάνδρῳ
1174 2593 1430 2649 Κορίνθιοι
1475 2607 1548 2638 om
1585 2596 1673 2638 Μα

124 2659 179 2698 10
211 2654 355 2700 αὐτόν
388 2658 478 2700 Μα
601 2661 652 2700 11
687 2663 801 2699 πᾶσι
834 2682 888 2688 ——
925 2660 978 2699 13
1006 2652 1218 2710 ’κρίνεται
1250 2653 1421 2698 omissa
1457 2654 1544 2709 γὰρ
1576 2652 1813 2709 particula

123 2713 239 2757 citat
260 2714 420 2758 Macar
443 2714 509 2758 fol
527 2719 608 2758 8¹7v
624 2714 872 2771 (Villoison
895 2714 1068 2758 Anecd.
1086 2714 1128 2757 H
1146 2718 1221 2766 133
1266 2712 1366 2755 Lib.
1385 2714 1418 2756 t.
1435 2712 1457 2755 Ι
1486 2727 1530 2768 p.
1551 2711 1811 2767 XXVIIIR.)

127 2771 133 2829 Ι
167 2775 273 2824 ζῶσι
305 2773 388 2830 μὲν
421 2775 573 2819 om'B
615 2775 621 2831 1
663 2772 858 2830 πλησίον
891 2772 1055 2829 scripsi
1088 2788 1111 2816 e
1148 2773 1283 2817 MaB
1316 2771 1474 2815 Macar
1549 2770 1812 2827 πλησιόνων

125 2832 186 2876 Μ
205 2831 307 2876 Mor
429 2838 481 2876 12
514 2833 805 2890 προσφύεται
837 2833 995 2876 Macar
1118 2837 1172 2875 14
1205 2831 1310 2876 νυνὶ
1344 2830 1431 2873 Μα
1459 2831 1465 2888 1
1494 2828 1644 2885 ὥσπερ
1680 2831 1767 2874 Ma
1804 2831 1809 2875 ἕ

125 2889 291 2942 ἔδοξαν
318 2893 421 2936 ΜΒ
566 2896 620 2936 15
652 2891 942 2947 πράττεσθαι
975 2891 1063 2935 Μα
1213 2894 1267 2933 18
1300 2887 1538 2945 ἀποδραίη
1573 2888 1736 2946 scripsi

123 2948 342 3007 ἀποδρςόη
371 2953 432 2995 Μ
458 2950 560 2995 Mor
620 2951 842 3005 ἀποδρώη
879 2952 1015 2995 ΜαΒ

1397 3023 1456 3064 9*
