2026 3192
723 126 969 172 CIMONIS
1003 126 1227 171 ORATIO
1715 126 1822 179 523

130 277 241 320 τῶν
267 268 448 334 λόγων
474 265 701 319 ἐκείνων
731 263 823 317 καὶ
855 273 966 316 τῶν
997 273 1141 316 νεῶν
1173 262 1264 316 καὶ
1296 271 1396 316 τοῦ
1427 266 1594 327 πλοῦς
1630 263 1825 330 Πάρον

127 351 277 408 εἶδεν
331 354 539 417 ἐκεῖνος
594 351 1009 422 συνευξαμένην
1063 362 1179 414 τοῖς
1233 347 1535 421 βαρβάροις
1588 352 1679 404 καὶ
1732 360 1827 420 τῆς

129 443 357 496 ἐκείνων
395 444 619 511 μερίδος
658 442 832 511 αὑτὴν
871 449 1238 509 πεποιηκυῖαν
1275 441 1366 494 καὶ
1405 449 1579 509 νῆσον
1618 439 1707 494 ἐπὶ
1749 447 1824 512 τῷ

125 531 273 600 γε’νει
308 536 675 585 πλουτοῦσαν.
714 541 938 600 πρᾶγμα
968 530 1036 598 δὴ
1069 539 1247 583 ποιῶν
1287 531 1505 582 δίκαιον
1538 527 1625 582 ἐπὶ
1658 548 1821 598 τιμω-

127 624 255 689 ριάν
315 631 427 674 τῶν
489 621 834 690 ἠδικηκότων
894 616 1047 672 ἔπλει
1109 620 1347 687 νομίζων
1403 617 1469 671 οὐ
1526 620 1824 687 δεήσεσθαι

123 710 461 779 πραγμάτων
510 709 642 762 οὐδὲ
689 710 904 778 τριβῆς,
953 705 1071 761 ἀλλ’
1124 707 1229 760 ἀπὸ
1277 700 1449 776 μόνης
1503 715 1598 776 τῆς
1649 709 1826 772 ὄψεως

125 798 395 852 τάκείνων
435 797 592 862 ἕξειν.
669 797 754 851 25.
796 797 897 850 οὐκ
936 792 1007 865 ἧν
1047 793 1108 849 δὲ
1140 797 1246 866 ἄρα
1278 798 1484 849 δοκοῦν
1523 806 1639 859 τοῖς
1669 802 1826 859 θεοῖς

124 887 335 941 ἁλῶναι
377 889 626 956 Παρίους
665 888 766 955 τὴν
806 886 1006 954 αὑτῶν,
1047 882 1217 954 οἶμαι,
1258 885 1499 952 δύναμιν
1543 883 1825 938 ἐνδεικνυ-

124 975 314 1044 μένοις
374 977 465 1030 καὶ
528 976 611 1029 ὅτι
673 977 743 1044 μὴ
807 974 1167 1044 βουλομένων
1229 974 1415 1027 αὑτῶν
1470 974 1498 1028 6
1553 975 1826 1027 πλείστων

125 1066 469 1134 κεκρατηκὼς
509 1065 713 1133 ὀλίγων
752 1065 1053 1133 ἡττήσεται.
1093 1064 1316 1132 ἡττᾶται
1357 1063 1418 1116 δὲ
1453 1063 1482 1116 6
1516 1062 1825 1131 ἡττώμενος

125 1154 191 1206 οὐ
239 1161 511 1207 τοσοῦτον
566 1154 794 1222 ὀλίγων,
850 1153 923 1215 ὡς
977 1154 1048 1206 ἄν
1101 1172 1175 1224 τῳ
1229 1152 1466 1219 δόξειεν,
1522 1151 1661 1205 ἀλλὰ
1712 1161 1825 1206 τῶν

124 1249 292 1295 θεῶν.
360 1244 578 1306 τούτοις
625 1243 910 1311 πολεμίοις
948 1243 1262 1310 Μιλτιάδης
1302 1241 1566 1311 ἐχρήσατο
1606 1242 1696 1294 καὶ
1736 1240 1823 1309 γε’-

127 1351 294 1399 γονεν
348 1333 520 1385 αὐτοῦ
575 1334 838 1402 κρείττων
893 1331 995 1401 οὐχ
1042 1330 1071 1384 6
1115 1331 1350 1399 Πάριος,
1397 1329 1512 1383 ἀλλ’
1560 1331 1593 1399 ἡ
1640 1349 1822 1383 ταπει-

125 1429 265 1474 νοῦν
306 1421 535 1485 ἀξιοῦσα
574 1423 705 1483 τοὺς
743 1421 951 1490 μεγάλα
993 1419 1404 1489 δεδυνημένους
1441 1422 1593 1488 θεός,
1632 1420 1722 1472 καὶ
1760 1420 1821 1473 τὸ

123 1510 294 1562 κακὸν
340 1518 505 1564 τοῦτο
553 1511 613 1562 τὸ
663 1509 722 1562 ἐν
769 1517 842 1582 τῷ
890 1515 1045 1580 μηρῷ
1092 1509 1153 1562 τὸ
1202 1508 1431 1561 ἀνίατον
1478 1509 1545 1562 οὐ
1595 1507 1823 1572 τοξότου

122 1601 272 1662 τινός
313 1598 462 1652 ἐστιν
501 1602 667 1669 ἔργον
707 1597 824 1652 οὐδ’
873 1597 1102 1652 ὁπλίτου
1143 1596 1263 1651 οὐδ’
1311 1598 1657 1665 άκοντιστοῦ,
1697 1596 1814 1650 ἀλλ’

122 1687 155 1754 ἡ
188 1690 422 1756 κρίνασα
454 1689 588 1751 θεὸς
619 1689 692 1757 μὴ
726 1684 787 1740 εὖ
819 1691 1138 1755 τελευτῆσαι
1170 1688 1269 1741 τὸν
1300 1687 1474 1756 μέγαν
1501 1686 1821 1755 Μιλτιάδην

123 1776 260 1845 αὕτη
301 1785 465 1830 τοῦτο
506 1778 566 1830 τὸ
607 1778 777 1829 κακὸν
815 1774 1035 1846 ἔπεμψε.
1102 1776 1188 1828 26.
1227 1783 1335 1829 ποῦ
1377 1777 1572 1829 τοίνυν
1609 1777 1670 1828 τὸ
1704 1774 1820 1827 ἀδί-

122 1885 281 1933 κημα,
322 1866 373 1917 εἰ
409 1865 442 1932 ἡ
482 1864 584 1931 μὲν
621 1866 939 1934 προαίρεσις
978 1867 1133 1933 καλή,
1172 1872 1272 1917 τοῦ
1312 1863 1503 1927 τέλους
1542 1861 1602 1917 δὲ
1638 1863 1820 1931 ἕτερος

245 2001 267 2038 1
302 2010 369 2051 sq.
401 1995 510 2039 Her.
536 1995 597 2038 VI
623 2001 706 2039 133
831 2000 855 2038 3
890 1995 1068 2040 Choric.
1101 1995 1220 2039 Milt.
1254 1996 1326 2039 tib.
1353 2011 1397 2052 p.
1426 2000 1465 2050 3,
1485 2001 1509 2039 5
1544 1997 1592 2039 et
1623 2009 1685 2038 or.
1713 2001 1737 2049 ξ
1764 2000 1819 2038 40

123 2070 167 2111 p.
196 2059 307 2109 10‚1
434 2059 488 2097 14
522 2054 578 2099 of.
612 2070 657 2111 p.
684 2059 785 2109 524,
807 2060 858 2098 11
894 2057 941 2099 et
973 2059 1117 2109 526‚7

246 2178 267 2216 1
313 2170 428 2227 παρ’
466 2171 520 2217 ὃν
555 2174 612 2217 Vi
755 2178 780 2216 2
825 2171 1016 2218 ἐκείνων
1040 2174 1086 2216 Β
1118 2173 1199 2217 sed
1226 2171 1236 2185 '
1263 2175 1311 2216 eb
1342 2191 1377 2216 ω
1414 2173 1463 2215 in
1502 2186 1577 2216 ras
1610 2172 1678 2215 m²

124 2237 149 2275 3
184 2231 329 2288 αὑτὴν
355 2234 398 2276 L
422 2232 503 2276 sed
521 2230 531 2246 ³
566 2246 668 2276 corr
691 2232 762 2275 m²
822 2232 970 2289 αὐτὴν
1004 2233 1172 2277 ViLau
1199 2232 1205 2289 1
1234 2233 1313 2275 καὶ
1337 2239 1481 2288 νῆσον
1506 2233 1581 2275 ἐπὶ
1609 2234 1671 2290 τῷ
1697 2230 1818 2287 γένει

122 2294 415 2336 πλουτοῦσαν
458 2306 551 2335 11011
595 2291 744 2335 solum
792 2293 1011 2348 corrupta
1058 2293 1140 2336 sed
1187 2291 1329 2335 etiam
1376 2291 1615 2335 subditiva
1662 2292 1820 2335 censeb

124 2351 282 2394 Gasda
311 2364 557 2425 perperam
589 2350 645 2394 cf.
674 2350 852 2395 Choric.
878 2351 926 2395 ll.
952 2351 1000 2394 ll.
1124 2348 1306 2406 4γένει
1333 2350 1375 2393 L
1407 2350 1488 2394 sed
1514 2366 1554 2393 ει
1578 2349 1626 2393 in
1651 2363 1725 2393 ras
1749 2350 1820 2393 m2

246 2415 269 2453 7
297 2410 382 2454 οὐκ
406 2405 481 2468 ἦν]
510 2409 683 2454 οὔκουν
709 2411 767 2454 Vi
792 2412 799 2467 Ι
826 2412 1001 2455 δοκοῦν
1028 2411 1140 2468 τοῖς]
1169 2413 1428 2460 δοκοῦντας
1453 2410 1510 2453 Vi
1631 2413 1657 2453 8
1681 2425 1819 2464 παρι-

124 2477 269 2513 οῦσαν
303 2470 359 2513 Vi
386 2470 391 2525 Ι
420 2470 476 2514 οὐ
501 2471 609 2512 ante
634 2468 718 2524 τὴν
742 2471 777 2513 Ι
802 2469 893 2513 edd
956 2469 1104 2514 delevi
1131 2471 1320 2512 auctore
1343 2468 1412 2512 Re
1440 2470 1446 2526 Ι
1475 2469 1628 2512 αὑτῶν
1653 2468 1818 2536 scripsi

124 2530 313 2572 auctore
337 2528 406 2571 Re
467 2527 614 2583 αὐτὴν
644 2527 754 2571 libri
779 2528 905 2572 sed
886 2546 944 2585 ην
977 2542 1078 2573 eras
1106 2529 1162 2583 L,
1194 2527 1284 2571 edd
1408 2532 1432 2571 9
1467 2528 1620 2571 αὐτῶν
1653 2527 1817 2584 scripsi

184 2588 339 2631 αὐτῶν
369 2586 480 2630 libri
513 2587 604 2630 cdd
631 2585 692 2643 ΙΝ
666 2603 737 2631 οτι
767 2546 982 2632 πλεῖσητον
1009 2589 1065 2632 Vi
1187 2591 1241 2630 10
1275 2584 1433 2644 ὀλίγον
1459 2588 1517 2631 Vi
1542 2592 1548 2640 Ι
1575 2586 1815 2642 ἡττήσεται

116 2646 288 2718 scripsi
321 2661 345 2689 e
378 2646 594 2690 ViBLau
653 2645 964 2703 ἡττηθήσεται
989 2648 1070 2691 LI
1093 2646 1184 2690 edd
1323 2650 1375 2690 11
1409 2653 1631 2690 τοσοῦτοι
1660 2645 1703 2688 L
1735 2646 1817 2689 sed

116 2709 191 2748 ‘vo
223 2705 272 2748 in
303 2719 379 2748 ras
406 2703 478 2747 m²
536 2705 767 2749 τοσούτων
792 2706 902 2750 Lau
928 2708 936 2762 Ι
963 2722 1023 2764 τῳ
1056 2718 1131 2748 om
1165 2706 1223 2748 Vi
1344 2710 1396 2749 12
1439 2705 1620 2755 τούτοις
1651 2704 1817 2761 scripsi

184 2764 412 2815 τοιούτοις
442 2763 552 2807 libri
584 2763 676 2808 edd.
721 2766 727 2821 Ι
778 2764 802 2809 ὁ
836 2766 946 2809 ante
979 2751 1218 2820 μιλτιάδης
1242 2765 1401 2808 BLau
1431 2764 1546 2818 Mor,
1583 2763 1658 2807 del
1690 2763 1757 2806 Re

125 2823 204 2866 καὶ
238 2825 295 2867 Vi
432 2827 487 2866 14
525 2821 583 2866 τὰ
614 2822 716 2867 Mor
853 2829 907 2867 15
940 2823 1063 2879 τὸ(1>
1095 2837 1171 2866 0111
1204 2823 1373 2867 ViLau
1510 2799 1563 2866 16
1601 2821 1816 2866 ὃπλιστοῦ

135 2883 191 2925 Vi
329 2886 381 2924 17
416 2882 470 2925 οὐ
505 2882 563 2925 Vi
699 2887 753 2926 18
787 2881 902 2939 αὕτη
933 2882 1097 2938 scripsi
1130 2897 1152 2925 e
1188 2883 1244 2925 Vi
1321 2881 1436 2938 αὐτὴ
1463 2882 1694 2926 BLILau
1726 2881 1816 2925 edd

130 2940 133 2998 Ι
171 2942 355 2995 „malim
386 2939 652 2998 ἐπέπεμψε“
685 2941 751 2985 Re
779 2943 784 2997 Ι
812 2941 864 2985 τὸ
874 2900 943 2985 ⁷lin
975 2953 1051 2984 ras
1085 2947 1109 2984 2
1135 2940 1216 2983 litt
1247 2954 1319 2984 om
1349 2941 1389 2983 L

1871 639 1891 670 5

1849 1082 1893 1114 10

1848 1526 1891 1558 15
