2026 3192
580 122 1017 168 THEMISTOCLIS
1050 121 1382 167 ANTILOGIA
1719 121 1826 174 487

135 262 271 330 πρὸς
311 261 526 322 τούτοις
573 259 729 328 ἔτερα
777 258 990 326 λέγεται
1036 258 1163 327 μέν,
1219 256 1260 312 ὦ
1309 259 1511 329 ἄνδρες
1558 258 1830 326 δικασταί,

135 348 258 418 παρ’
303 350 512 417 άλλων,
561 349 809 417 ταράττει
851 345 912 401 δὲ
950 355 1151 401 τοῦτον
1197 346 1288 400 καὶ
1335 357 1481 401 ποιεῖ
1521 345 1830 400 δεδοικέναι

134 441 206 507 μὴ
244 439 458 492 τούτων
497 431 573 500 εἷς
610 436 701 491 καὶ
739 438 902 499 αὐτὸς
933 436 1172 505 γένωμαι
1210 447 1322 490 τῶν
1357 435 1699 503 αἰτιωμένων
1737 433 1829 488 καὶ

134 529 272 595 πρὸς
311 529 408 581 τὸν
451 528 628 594 δῆμον
667 519 757 580 οἷα
795 523 1012 579 ἔπαθον
1053 527 1346 595 διαλεχθω.
1395 527 1486 579 διὰ
1525 524 1698 578 ταῦτά
1735 544 1829 593 μοι

135 617 464 684 μεταδίδωσι
519 623 614 684 τῆς
665 616 853 678 οἰκίας.
918 615 1056 668 ἄλλα
1111 615 1336 705 θάρρει,
1393 616 1682 682 Νεόκλεις,
1745 614 1829 667 ότι
1877 634 1896 666 5

136 704 252 758 οὐτ’
291 705 455 768 αὐτὸς
491 704 717 757 ἐκείνων
748 702 810 757 ἐν
840 703 990 784 μέοει
1023 703 1354 773 κατηγορίας
1386 699 1501 756 οὔτ’
1541 701 1830 771 ἐμνήσθην

137 795 262 847 ούτε
302 796 694 863 μνησθήσομαι
735 803 846 846 τῶν
885 813 941 846 τε
983 794 1169 846 ἄλλων
1208 793 1373 855 ὅσους
1418 790 1489 845 ἂν
1536 783 1651 854 οἷός
1689 811 1746 844 τε
1787 788 1829 844 ὦ

134 884 327 936 παύσω
368 883 582 936 τούτων
621 891 732 936 τῶν
772 884 968 951 λόγων.
1019 882 1088 934 σύ
1127 901 1185 934 τε
1224 878 1398 950 μηδεν
1446 876 1525 934 ὧν
1565 880 1667 933 οὐκ
1706 878 1829 933 ἑθέ-

134 976 247 1034 λεις
286 971 497 1041 ἀνάγκη
538 974 683 1024 ποιέι
721 973 819 1024 τόν
857 990 915 1023 τε
953 978 1052 1024 τοῦ
1092 972 1221 1038 βίου
1259 970 1438 1023 τύπον
1477 967 1564 1037 ἐφ’
1612 965 1679 1022 οὗ
1723 977 1830 1022 νῦν

135 1063 244 1128 εἰμι
284 1060 471 1127 μένειν
512 1060 773 1129 ἀκίνητον
805 1057 882 1127 ἔα,
923 1060 996 1123 ὡς
1026 1067 1134 1113 νῦν
1166 1059 1413 1112 ἀδύνατά
1444 1078 1502 1112 τε
1536 1061 1707 1127 ζητεῖς
1738 1059 1831 1110 καὶ
1854 1081 1897 1113 10

135 1154 336 1218 λόγους
376 1149 472 1212 οὓς
513 1150 678 1212 αὐτὸς
717 1150 944 1218 διῆλθες
983 1150 1253 1217 σιγᾶσθαί
1289 1161 1378 1201 σοι
1414 1157 1665 1218 κρεῖττον
1694 1133 1864 1215 κάμε

134 1239 555 1306 καταναγκάζεις
594 1239 771 1291 εἰπεῖν
811 1235 896 1306 ἐφ’
944 1231 1027 1301 οἷς
1067 1237 1166 1307 οὐχ
1208 1236 1382 1306 ἡδέως
1421 1237 1681 1306 διακείσῃ.
1736 1239 1739 1242 ’

247 1327 295 1380 6.
329 1327 518 1397 Ὁρᾶτε
558 1326 633 1380 δέ.
673 1338 800 1389 παῖς
842 1326 1110 1395 ἐγενόμην
1149 1326 1255 1394 ἐγὼ
1295 1326 1471 1398 τούτῳ
1511 1323 1639 1396 παρ’
1677 1325 1829 1392 ὑμῖν,

134 1413 176 1470 ὦ
216 1418 414 1484 ἄνδρες
454 1418 720 1470 δικασταί.
761 1415 852 1469 καὶ
894 1421 1024 1478 ἴσως
1062 1416 1164 1483 μὲν
1196 1416 1371 1478 εὐθὺς
1405 1413 1659 1484 ἠχθέσθη
1694 1415 1830 1484 πρὸς

132 1508 233 1560 τὸν
272 1508 435 1559 τόκον
484 1506 556 1568 ὡς
602 1504 672 1559 ἂν
718 1503 777 1558 ἐκ
826 1507 1127 1573 βελτιόνων
1165 1506 1620 1557 παιδοποιεῖσθαι
1660 1504 1828 1556 δυνά-
1853 1524 1895 1558 15

134 1614 311 1665 μενος.
352 1602 517 1648 τοῦτο
555 1595 658 1661 μὲν
697 1591 800 1647 οὖν
835 1594 937 1647 οὐκ
970 1594 1197 1662 ἐγκαλῶ,
1237 1594 1492 1663 μεγάλων
1522 1595 1625 1662 γὰρ
1658 1593 1831 1646 αὑτὸν

135 1682 303 1747 ἀξιῶν
342 1684 443 1736 οὐκ
482 1684 683 1752 ἠδίκει,
731 1682 907 1736 έκεῖνο
950 1682 1034 1750 δέ,
1083 1683 1166 1736 ὅτι
1214 1685 1436 1751 γνώμης
1476 1682 1650 1744 οὕτως
1689 1685 1829 1751 ἔχων

134 1775 207 1841 μή
262 1792 412 1835 τινος
460 1773 724 1842 αἰσχύνης
773 1778 848 1844 τῷ
889 1773 1164 1840 πράγματι
1211 1772 1526 1839 προσούσης
1574 1771 1675 1824 οὐκ
1722 1769 1828 1835 ἐξέ-

132 1867 308 1930 θηκεν
348 1860 466 1914 οὐδ’
517 1864 742 1931 ἔρριψεν
783 1860 987 1931 ἑτέροις
1026 1860 1324 1913 ἀνελέσθαι
1363 1861 1453 1913 καὶ
1492 1859 1734 1930 τρέφειν,
1775 1862 1833 1912 οἳ

133 1957 228 2018 τῆς
266 1948 397 2019 ἐμῆς
439 1955 569 2013 ἴσως
607 1949 677 2003 ἂν
715 1949 1013 2019 ἠνέσχοντο
1052 1953 1267 2017 κακίας,
1315 1947 1431 2002 ἀλλ’
1479 1945 1625 2018 εἶχεν
1664 1948 1895 2011 αὐτὸςεο

100 2039 223 2119 ,καὶ
261 2041 491 2107 ἔτρεφεν
531 2038 618 2092 ἐπὶ
659 2037 990 2108 δεινοτέροις
1030 2047 1145 2101 τοῖς
1183 2037 1461 2105 μέλλουσι.
1541 2038 1587 2090 7.
1628 2038 1694 2090 τὰ
1726 2038 1828 2106 μὲν

255 2203 308 2242 15
342 2199 399 2245 cf.
432 2215 476 2255 p.
503 2204 605 2254 461,
626 2203 679 2242 18
698 2214 764 2255 sq.
794 2202 800 2256 Ι
829 2199 885 2244 cf.
919 2214 964 2255 p.
991 2201 1022 2243 t.
1049 2200 1071 2243 I
1094 2204 1195 2254 202,
1215 2203 1237 2241 7

254 2352 278 2389 2
312 2347 391 2391 καὶ
424 2350 533 2391 ante
556 2355 720 2392 τοῦτον
748 2348 786 2391 G
902 2353 930 2391 4
962 2346 1191 2391 διαταῦτά
1215 2348 1260 2391 Β
1382 2351 1408 2390 5
1440 2349 1615 2400 θαρρεῖ
1636 2347 1827 2402 νεοκλῆς

133 2407 274 2451 ILau
418 2412 442 2450 6
476 2407 616 2457 αὐτὸς
651 2419 726 2450 om
759 2406 825 2450 Re
969 2411 994 2449 8
1030 2406 1207 2450 τούτων
1237 2406 1350 2463 τῶν]
1381 2405 1605 2449 τοιούτων
1640 2404 1683 2450 C
1732 2411 1826 2448 τῶν

131 2465 358 2510 τοιούτων
390 2467 435 2510 Β
565 2470 589 2509 9
627 2482 675 2523 γε
707 2468 814 2522 post
845 2473 934 2510 νῦν
958 2467 1019 2521 Β,
1080 2466 1125 2509 τὲ
1151 2467 1183 2509 Ι
1316 2470 1367 2508 11
1402 2479 1450 2508 τε
1481 2466 1588 2520 post
1620 2461 1760 2514 αὐτός
1792 2463 1831 2509 (J

138 2524 144 2583 Ι
178 2523 446 2580 κρείττονας
479 2525 700 2570 OBILau
738 2527 788 2569 af,
826 2532 1032 2580 κρεῖττον
1059 2525 1120 2569 Cr
1264 2528 1317 2567 13
1358 2522 1568 2580 διήγησις
1605 2523 1654 2565 111
1693 2535 1828 2580 marg

132 2583 246 2627 rubr
267 2585 302 2627 I
419 2589 472 2626 14
505 2584 650 2636 εὐθὺς
681 2598 755 2628 om
780 2585 918 2628 1Lau
1041 2588 1094 2627 15
1127 2584 1178 2627 ἐκ
1207 2582 1455 2642 βελτιόνων
1479 2583 1513 2626 Ι
1539 2582 1621 2627 sed
1652 2599 1706 2638 γρ
1740 2582 1826 2626 οὐκ

134 2642 186 2688 ἐκ
209 2642 458 2701 βελτιόνων
483 2657 699 2698 suprascr
720 2643 790 2686 m²
817 2644 822 2701 Ι
851 2646 1190 2700 παιδοποιῆσαι
1218 2642 1255 2686 Ο
1279 2644 1285 2699 Ι
1312 2655 1423 2686 voce
1455 2640 1713 2697 δυνάμενος
1744 2642 1824 2684 des

133 2700 201 2746 fol
224 2706 301 2745 42
319 2702 379 2746 Cr
501 2707 553 2745 16
580 2702 724 2746 αὑτὸν
748 2702 913 2759 scripsi
974 2702 1118 2745 αὐτὸν
1142 2701 1252 2744 libri
1275 2698 1389 2745 sed’
1416 2698 1495 2744 in
1528 2715 1629 2745 corr
1643 2700 1707 2753 1²
1733 2699 1825 2745 edd

256 2765 308 2805 17
337 2760 484 2805 ἐκεῖνο
511 2761 675 2817 scripsi
707 2775 731 2804 c
758 2762 884 2806 CBL
890 2762 1011 2814 Lau,
1036 2763 1089 2804 ut
1113 2761 1219 2804 coni
1242 2761 1311 2805 Re
1373 2760 1547 2810 ἐκεῖνος
1563 2760 1598 2802 Ι
1615 2759 1705 2802 edd

136 2823 191 2864 18
224 2819 286 2875 μή
318 2819 483 2876 scripsi
544 2821 625 2864 καὶ
654 2819 765 2864 libri
798 2820 888 2864 edd
916 2823 921 2876 Ι
955 2817 1082 2870 τίνος
1116 2820 1192 2874 G,
1197 2821 1431 2875 ‚sententia
1458 2819 1663 2875 postulat
1691 2819 1825 2863 οὐδε-

134 2881 269 2934 μιᾶς“
309 2878 377 2922 Re
434 2881 440 2935 Ι
498 2877 724 2935 ἐξέθηκας
763 2880 848 2924 οὐκ
889 2879 1061 2937 ἔρριψα
1094 2879 1131 2922 C
1273 2883 1326 2922 19
1366 2876 1624 2934 τρέφεσθαι
1657 2879 1692 2922 Ι

136 2939 192 2980 20
225 2934 465 2995 ἠνείχοντο
493 2938 574 2983 ΟΒ
696 2943 749 2981 21
784 2936 1062 2996 χειροτέροις
1086 2939 1120 2982 I
