2026 3192
632 133 878 179 ORESTIS
909 132 1208 178 DEFENSIO
1649 133 1758 186 379

66 270 182 337 μαί
225 284 293 321 σε
340 277 450 338 τῆς
496 271 849 340 οἰκουρίας.
905 271 960 323 εἰ
1001 269 1074 323 δέ
1119 290 1179 322 τι
1218 267 1366 338 περὶ
1414 270 1591 338 ἡμῶν
1629 268 1760 323 ἕτε-

67 377 182 427 ρον
222 356 397 421 δόξει
436 366 507 429 τῇ
555 360 750 430 Τύχῃ,
798 358 1170 428 ἀνδρωθεὶς
1203 356 1502 427 Ὀρέστης
1541 357 1570 412 6
1610 367 1761 421 παῖς

65 445 318 516 οὑτοσί,
363 450 459 500 καί
499 468 566 515 με
606 447 792 516 λαβὼν
836 447 1065 516 ἐνέθηκε
1112 455 1230 510 ταῖς
1278 447 1565 516 ἀγκάλαις,
1611 456 1759 501 τοῦ-

63 555 175 588 τον
229 534 418 603 ἕξεις,
474 540 671 606 φησίν,
727 536 856 590 ἀντ’
914 537 1071 606 ἐμοῦ
1125 535 1231 590 καὶ
1285 537 1366 605 μὴ
1423 539 1594 606 ζήτει
1647 537 1760 590 τὸν

64 623 516 693 Ἀγαμέμνονα.
572 633 743 679 ταῦτα
790 624 880 679 καὶ
928 627 994 679 τὰ
1040 634 1269 679 τοιαῦτα
1316 626 1629 694 διαλεχθεὶς
1667 623 1758 679 καὶ

61 714 376 785 περιβαλὼν
415 723 479 785 τῇ
518 714 681 784 μητρὶ
720 718 816 779 τὰς
853 725 1038 785 χεῖρας
1077 714 1168 769 καὶ
1208 712 1319 785 μετ’
1367 714 1585 785 ἐκείνην
1627 715 1758 784 ἡμῖν

61 806 241 875 χρόνῳ
281 800 413 857 ποτὲ
451 803 543 857 καὶ
574 806 732 871 μόλις
764 804 1149 874 ἀπηλλάττετο.
1227 805 1276 857 9.
1309 804 1446 873 αὕτη
1478 814 1592 858 τῶν
1622 803 1750 857 καθ’

60 891 201 961 ἡμᾶς
240 892 602 962 ἀτυχημάτων
642 894 796 964 ἀρχή.
835 895 1043 962 ταύτην
1082 895 1151 947 ἂν
1191 899 1335 948 εἴποι
1374 914 1457 957 τις
1495 895 1596 963 τὴν
1631 893 1758 963 ἡμέ-

61 1001 167 1051 ραν
206 981 364 1050 ἅρξαι
405 981 493 1036 καὶ
533 991 599 1053 τῇ
638 981 801 1052 μητρὶ
840 978 920 1036 ὧν
959 982 1285 1051 διεπράξατο
1321 982 1327 1054 Ι
1369 984 1460 1037 καὶ
1499 989 1574 1055 τῷ
1621 987 1743 1031 RIV
1761 993 1844 1033 116

1806 648 1825 681 5

59 1069 223 1140 πατρὶ
263 1079 362 1124 τοῦ
402 1073 623 1135 πάθους
661 1074 752 1126 καὶ
795 1073 997 1142 (ἡμῖν)
1036 1069 1116 1126 ὧν
1154 1073 1548 1143 πεπειράμεθα.
1588 1072 1616 1125 6
1655 1073 1757 1140 μὲν
1783 1095 1824 1128 ιο

60 1161 166 1230 γὰρ
207 1161 267 1214 τὸ
292 1159 470 1214 Ἴλιον
509 1163 851 1231 καταλαβών,
889 1165 1054 1215 πόλιν
1086 1162 1424 1231 ἀλλοδαπήν,
1463 1158 1604 1232 ὑπὲρ
1647 1160 1756 1215 ἑτέ-

178 1325 204 1365 3
237 1321 359 1377 ζήτει
389 1330 487 1374 πῶς
519 1322 569 1368 ἐν
602 1323 922 1380 ἐπαναλήψεσι
952 1323 1201 1379 τρέπουσιν
1233 1323 1277 1367 οἱ
1306 1321 1499 1368 Ἀττικοὶ
1532 1322 1618 1380 τὴν
1650 1323 1756 1367 σύν-

58 1381 189 1435 ταξιν
222 1379 268 1426 οἷ
308 1381 573 1440 βούλονται·
617 1381 726 1428 δέον
766 1382 854 1440 γὰρ
895 1383 1108 1428 ἐνταῦθα
1149 1383 1298 1428 εἰπεῖν
1332 1383 1450 1438 πρὸς
1479 1382 1531 1427 τὸ
1565 1381 1589 1427 ὁ
1622 1390 1757 1434 παῖς

58 1440 310 1495 οὑτοσὶν,
352 1438 519 1493 οὗτος
558 1442 714 1487 ἔσται
755 1456 841 1488 σοι
879 1440 998 1487 ἀντ’
1037 1443 1192 1500 ἐμοῦ,
1227 1441 1251 1487 ὁ
1285 1441 1336 1488 δὲ
1367 1450 1570 1487 τοῦτον
1613 1441 1756 1496 ἕξεις

60 1500 202 1557 φησὶν
235 1498 358 1544 ἀντ’
393 1502 528 1557 ἐμοῦ
564 1503 658 1546 Mm

177 1559 227 1604 ἐν
259 1568 360 1612 ταῖς
383 1560 732 1618 ἐπαναλήψεσιν
757 1561 812 1606 οὐ
836 1559 982 1618 μόνον
1014 1562 1131 1618 πρὸς
1160 1561 1247 1618 τὴν
1277 1559 1633 1618 προηγουμένην
1657 1577 1754 1618 μετ-

10 1656 12 1658 .
58 1619 173 1677 οχὴν
210 1620 443 1676 ἐπάγομεν
480 1620 566 1677 τὴν
609 1620 863 1676 ἀπόδοσιν,
897 1619 1011 1665 ἀλλὰ
1043 1622 1122 1665 καὶ
1154 1621 1216 1673 ὡς
1247 1618 1537 1680 βουλόμεθα,
1571 1619 1755 1678 ἐκείνην

57 1678 141 1734 μὲν
180 1677 478 1724 ἀναπόδοτον
518 1681 680 1732 ἐῶντες
689 1716 700 1735 ,
744 1688 988 1732 ποιοῦντες
1026 1679 1072 1726 δ’
1118 1680 1280 1736 ἑτέραν
1319 1679 1563 1725 ἀπόδοσιν.
1609 1680 1754 1725 εἰπὼν

58 1736 145 1794 γὰρ
187 1737 398 1783 ἐνταῦθα
440 1741 765 1793 ἀνδρωθεὶς
803 1739 827 1784 ὁ
870 1747 1005 1791 παῖς
1044 1741 1239 1785 οὑτοσὶ
1278 1741 1358 1784 καὶ
1388 1739 1446 1784 τὰ
1487 1740 1610 1797 ἑξῆς,
1655 1737 1753 1785 εἶτα

57 1796 353 1854 ἐπανάληψιν
392 1798 708 1856 ποιησάμενος
717 1836 727 1855 ,
778 1799 859 1844 διὰ
904 1807 987 1844 τοῦ
1027 1800 1177 1844 εἰπεῖν
1218 1817 1244 1844 τ
1253 1816 1277 1844 ο
1289 1807 1316 1844 ῦ
1325 1816 1350 1843 τ
1360 1816 1384 1844 ο
1395 1817 1421 1844 ν
1461 1802 1614 1857 (τοῦτο
1648 1801 1753 1857 Μα)

59 1855 220 1912 ἑτέρως
249 1857 334 1914 τὴν
367 1858 586 1912 σύνταξιν
619 1859 810 1914 ἔτρεψεν
842 1859 986 1904 εἰπὼν
1024 1876 1050 1902 τ
1060 1876 1084 1903 ο
1095 1867 1123 1903 ῦ
1132 1876 1157 1903 τ
1166 1876 1191 1904 ο
1202 1877 1228 1904 ν
1245 1907 1247 1909 ,
1261 1862 1412 1917 (τοῦτο
1447 1861 1508 1904 Μ
1507 1862 1552 1916 α)
1586 1858 1639 1913 ἕξ
1651 1874 1670 1903 ε
1682 1876 1698 1903 ι
1710 1877 1731 1909 ς
1740 1894 1752 1914 ,

58 1914 253 1972 φησίν,
288 1915 405 1960 ἀντ’
446 1918 579 1975 ἐμοῦ
613 1917 774 1964 Ma²B

55 2063 309 2119 διεξιόντος
338 2063 503 2123 λόγους
534 2065 584 2110 ἐν
622 2070 686 2126 τῷ
717 2065 909 2112 ἀπιέναι
949 2074 1031 2111 τοῦ
1070 2067 1269 2122 πατρός,
1308 2067 1370 2118 ὡς
1408 2067 1466 2123 δὴ
1510 2067 1629 2120 πρὸς
1667 2066 1751 2123 τὴν

56 2123 249 2181 μητέρα,
289 2125 432 2182 φησὶν
464 2126 526 2178 ὡς
557 2123 738 2170 ἐκείνου
771 2125 983 2184 λέγοντος
1014 2126 1127 2170 ἄλλα
1151 2144 1198 2172 τε
1224 2127 1282 2183 δὴ
1315 2127 1396 2171 καὶ
1419 2134 1585 2171 ταῦτα·
1621 2125 1751 2177 ἴσως

56 2186 161 2227 κτλ.
196 2183 315 2240 πλὴν
347 2183 465 2229 οὕτω
499 2183 582 2240 μὲν
613 2186 693 2229 καὶ
726 2182 860 2236 οὗτος
890 2193 945 2244 τῇ
980 2187 1184 2243 διακοπῇ
1220 2184 1507 2243 χρησάμενος
1539 2185 1750 2230 ἐνταῦθα

54 2243 106 2286 τὸ
132 2243 336 2300 ἀσφαλὲς
360 2243 593 2301 ἐτήρησεν,
618 2246 669 2289 ἐν
694 2244 848 2296 ἄλλοις
872 2246 923 2290 δὲ
949 2253 1246 2302 καινοτομεῖν
1270 2263 1316 2290 τε
1341 2246 1419 2289 καὶ
1443 2245 1583 2297 αὐτὸς
1607 2243 1751 2303 προῄ-

56 2318 189 2359 ρηται
222 2304 301 2347 καὶ
332 2309 414 2359 τῆς
445 2305 676 2359 διακοπῆς
706 2306 845 2362 χωρὶς
874 2304 959 2361 τὴν
991 2305 1210 2358 σύνταξιν
1244 2311 1424 2360 συνῆψε
1451 2306 1457 2360 Ι
1484 2310 1565 2360 τῆς
1595 2304 1751 2349 οἰκου-

55 2358 161 2416 ρίας
195 2377 244 2406 σε
277 2362 580 2420 ἐπαινέσομαι
622 2364 690 2408 Va

177 2426 198 2464 1
233 2419 281 2466 δ’
317 2423 495 2467 HVLa
555 2421 616 2477 δή
649 2425 738 2468 Μα
776 2425 782 2479 Ι
822 2421 978 2478 ἕτερόν
1011 2421 1193 2480 (ἑτέρως
1233 2424 1294 2478 V)
1324 2440 1369 2467 τι
1400 2423 1506 2478 περὶ
1538 2422 1666 2479 ἡμῶν
1698 2423 1756 2467 Η

63 2478 106 2522 V
128 2480 135 2537 Ι
163 2480 227 2525 ἔτι
258 2481 336 2525 La
361 2484 368 2538 Ι
397 2480 559 2536 ἑτέρως
584 2482 624 2524 V
644 2482 746 2527 Mor
867 2487 892 2526 2
926 2480 1039 2541 δόξῃ
1066 2482 1182 2539 Glyc
1216 2489 1330 2536 „aut
1353 2482 1467 2541 δόξῃ
1492 2488 1576 2527 aut
1599 2480 1748 2535 δόξειε

55 2539 166 2639 Ζῧῃ.“
184 2539 251 2583 Re
373 2545 399 2585 3
423 2539 630 2597 ἀνέθηκε
647 2542 758 2587 ΒΜ
767 2543 822 2587 Vi
846 2542 926 2586 sed
951 2542 999 2586 in
1025 2541 1112 2586 hoc
1136 2542 1158 2587 ἐ
1182 2556 1323 2599 supra.
1347 2542 1378 2585 ἀ
1395 2542 1465 2586 m²
1493 2547 1497 2594 Ι
1526 2540 1750 2598 ἀγγάλαις

103 2612 134 2642 a
165 2599 247 2643 sed
278 2601 378 2657 y(2)
410 2599 460 2643 in
492 2617 519 2643 κ
551 2614 654 2644 corr
683 2600 754 2643 m²
896 2606 922 2644 ὃ
954 2608 1099 2645 ταῦτα
1139 2602 1219 2645 καὶ
1253 2600 1310 2644 τὰ
1343 2615 1416 2645 0111
1448 2602 1555 2645 HV
1624 2601 1750 2644 inser

0 2686 3 2702 ;
65 2656 155 2700 Va²
213 2659 384 2731 ταῦτα]
404 2666 597 2703 τοιαῦτα
624 2660 677 2705 ΟΖ
797 2666 823 2704 6
855 2661 1141 2718 περιβάλλων
1167 2661 1403 2704 HLaBM
1415 2661 1564 2705 ViMa
1592 2660 1674 2704 sed
1698 2659 1748 2703 in

0 2732 6 2779 ἰ
54 2714 142 2760 hoc
164 2715 175 2730 '
203 2717 279 2762 del
311 2720 358 2762 et
427 2732 569 2774 supra
594 2736 628 2761 ω
653 2718 735 2772 1113,
770 2720 823 2764 Ul
852 2720 956 2764 Mor
1078 2724 1099 2762 7
1135 2718 1264 2775 ἡμῶν
1296 2722 1405 2763 ante
1436 2718 1746 2775 ἀπηλλάττετο

56 2774 116 2817 Μ
145 2778 192 2819 et
222 2775 271 2820 in
302 2790 436 2835 marg
467 2778 591 2821 inser
623 2778 732 2822 Ma³
763 2778 831 2822 Re
892 2777 1208 2835 ἀπηλλάττητο
1243 2779 1288 2823 Β
1322 2782 1328 2836 Ι
1364 2775 1486 2822 καθ’
1519 2778 1640 2834 ἡμᾶς
1671 2791 1747 2822 0111

65 2832 133 2877 Va
252 2840 279 2878 8
310 2834 381 2888 τίς
412 2837 539 2881 HLa
567 2841 572 2889 Ι
601 2835 826 2892 ἡμετέραν
860 2838 935 2882 La
967 2838 1049 2881 sed
1081 2853 1128 2881 ετ
1159 2850 1261 2882 eras
1385 2842 1440 2882 10
1471 2836 1680 2888 πένθους
1700 2837 1746 2881 Β

0 2926 2 2930 ,
62 2891 67 2948 Ι
102 2893 182 2936 καὶ
214 2907 288 2938 0111
321 2896 593 2941 LaBMaGl
633 2897 640 2953 1
686 2895 797 2952 ἡμῖν
828 2896 1004 2942 inserui
1035 2899 1090 2941 ut
1119 2895 1168 2939 in
1199 2909 1335 2956 marg
1365 2896 1489 2943 inser
1530 2896 1609 2941 Vi*
1670 2910 1744 2942 om

0 2951 14 2987 ἱ.
57 2950 228 3008 reliqui
260 2952 371 2998 libri
401 2954 494 3000 edd
