2054 3192
243 149 345 200 126
718 147 947 191 LIBANII
977 147 1368 191 DECLAMATIO
1401 148 1442 190 II

350 289 518 336 Prima
549 289 696 336 huius
722 287 1096 336 declamationis
1128 287 1309 335 notitia
1341 287 1403 335 ad
1435 288 1567 336 viros
1599 288 1769 336 doctos
1792 288 1931 335 venit

235 380 326 425 per
364 363 615 411 Leonem
657 362 951 410 Allatium
996 362 1082 424 qui
1119 363 1173 409 in
1210 363 1521 423 praefatione
1571 363 1930 439 Excerptorum

236 437 505 485 Variorum
559 435 856 484 Graecorum
913 437 1248 498 sophistarum
1311 451 1367 483 ac
1427 418 1681 483 rhetorum
1742 437 1928 483 Romae

233 527 367 559 anno
404 512 541 558 1641
579 526 867 558 excusorum
897 527 945 571 p.
979 511 1011 557 4
1046 526 1156 557 eam
1194 512 1327 558 inter
1365 510 1555 558 inedita
1595 509 1775 558 codicis
1807 510 1928 558 Bar-

236 585 397 633 berini
429 601 585 647 „quae
618 587 745 632 esset
784 600 963 646 operae
994 585 1211 646 pretium
1237 584 1504 645 aliquando
1546 582 1652 631 edi“
1684 586 1931 632 recensuit

234 659 310 707 nil
340 660 437 707 nisi
474 658 679 706 titulum
711 662 760 706 et
797 659 1093 721 principium
1136 659 1404 720 proferens.
1468 657 1603 715 Quae
1641 657 1929 720 repetivisse

235 733 359 782 satis
375 733 552 781 habuit
567 733 828 780 Fabricius
842 733 973 780 Bibl.
991 750 1062 795 gr.
1080 735 1114 780 t.
1134 732 1232 779 VH
1249 749 1294 793 p.
1315 734 1436 780 412.
1471 731 1718 788 Quattuor
1741 732 1874 780 locos
1900 747 1930 779 a

236 808 455 855 Macario
489 808 667 855 allatos
699 807 887 869 publici
919 807 1039 855 iuris
1079 807 1199 854 fecit
1230 806 1609 854 Villoisonus
1641 806 1824 853 Anecd.
1857 823 1928 869 gr.

235 884 271 929 t.
290 882 341 929 H
363 898 411 944 p.
433 883 498 929 13
519 897 588 942 sq.
617 883 764 942 atque
799 898 857 928 ex
888 881 979 928 hoc
1004 881 1249 928 Reiskia
1281 883 1315 928 t.
1340 881 1367 928 I
1388 881 1543 942 praef.
1567 897 1614 942 p.
1632 880 1929 942 XXVHIsq.

237 955 664 1003 Declamationem
696 956 942 1018 integram
975 972 999 1002 e
1031 955 1285 1012 Marciano
1317 956 1440 1003 satis
1464 957 1691 1003 accurate
1715 954 1929 1016 descrip-

236 1033 342 1077 tam
374 1032 423 1077 et
452 1046 541 1091 per
573 1029 1005 1091 Stephanopulum
1039 1045 1150 1077 cum
1173 1029 1446 1077 Barberino
1471 1029 1556 1077 sed
1586 1045 1765 1091 parum
1790 1044 1930 1076 accu-

232 1106 344 1152 rate
378 1104 611 1152 collatam
643 1119 742 1150 una
771 1119 882 1150 cum
905 1104 1128 1152 versione
1153 1103 1312 1150 latina
1335 1103 1566 1165 notisque
1588 1102 1745 1151 bonae
1770 1103 1930 1166 frugis

235 1179 398 1240 plenis
428 1177 651 1225 Venetiis
685 1194 812 1225 anno
849 1178 989 1226 1785
1030 1178 1158 1225 libro
1198 1177 1335 1225 cuius
1374 1177 1581 1225 titulum
1625 1193 1775 1238 supra
1805 1177 1932 1224 indi-

232 1253 348 1300 cavi
378 1252 630 1301 Iacobus
663 1252 903 1300 Morelli
935 1247 1031 1317 (=
1056 1245 1190 1317 Mor)
1218 1251 1372 1299 edidit
1402 1251 1536 1298 haud
1569 1251 1769 1313 quidem
1799 1251 1929 1299 male

237 1354 310 1359 —
335 1329 464 1374 certe
496 1327 704 1374 scientia
736 1327 936 1390 linguae
970 1325 1187 1374 Graecae
1220 1326 1511 1374 Federicum
1541 1325 1806 1374 Morellum
1839 1325 1929 1372 ali-

234 1402 427 1463 quanto
469 1401 723 1462 superavit
762 1427 835 1433 ——
874 1401 958 1448 sed
998 1403 1057 1448 ut
1094 1401 1254 1447 multa
1293 1400 1416 1447 mihi
1455 1399 1745 1463 corrigenda
1782 1400 1930 1446 relin-

233 1477 425 1536 queret.
490 1473 585 1522 Sed
617 1476 697 1522 vel
730 1476 799 1522 sic
831 1491 929 1522 non
960 1492 1114 1522 unum
1145 1474 1380 1521 mendum
1412 1475 1549 1522 latet.
