2054 3192
552 144 781 188 LIBANII
812 143 1115 189 APOLOGIA
1148 143 1433 189 SOCRATIS
1766 145 1836 198 65

144 277 363 347 γέλλετο
410 280 649 333 τάλαντα
697 280 955 349 ἀμύθητα
1002 278 1168 349 χωρὶς
1213 288 1309 349 τῆς
1356 282 1433 343 εἰς
1479 282 1692 333 ἅπαντα
1737 282 1836 334 τὸν

143 370 277 437 μετὰ
315 377 486 422 ταῦτα
525 371 731 439 χρόνον
762 370 994 432 εὐνοίας.
1036 368 1145 422 ἀλλ’
1186 370 1288 422 οὐκ
1320 368 1750 438 ἀνεμνήσθησαν
1782 370 1841 423 οἱ

143 465 238 525 τῆς
275 465 375 526 γῆς
414 456 802 528 ἐκβεβλημένοι
842 458 931 510 καὶ
977 459 1074 520 τὰς
1112 459 1354 527 τριήρεις
1399 460 1681 521 οἰκοῦντες
1723 468 1835 512 τῶν

144 548 445 614 Θεόγνιδος
485 546 630 600 ἐπῶν
669 544 799 601 οὐδὲ
847 543 1074 615 ἔλαβον,
1122 548 1283 616 δίκην
1330 545 1433 616 μὲν
1479 543 1584 601 οὖν
1632 550 1834 616 ἔλαβον

141 636 288 704 παρὰ
319 643 419 689 τοῦ
446 639 820 705 τολμήσαντος
845 638 1020 689 εἰπεῖν
1044 636 1118 699 ὡς
1150 637 1236 689 δεῖ
1266 638 1472 705 λαβεῖν.
1512 639 1689 689 καίτοι
1722 646 1833 690 τῶν
1880 658 1898 690 5

138 743 201 791 γε
232 725 517 778 ταλάντων
549 723 778 778 ἐκείνων
816 726 945 778 οὔτε
977 729 1150 788 πλοῦς
1190 723 1304 778 οὔτ’
1348 726 1484 793 ἄλλη
1525 745 1607 788 τις
1647 726 1831 793 ἡγεῖτο

136 815 490 884 ταλαιπωρία.
545 812 657 867 ἀλλ’
718 814 820 867 οὐκ
872 814 1161 884 ἠνείχοντο
1223 818 1485 867 πλουτεῖν
1545 815 1680 882 μετὰ
1737 822 1832 883 τῆς

137 903 381 971 θητείας,
420 903 491 971 ἣν
530 902 834 972 ἀναγκαῖον
872 899 943 971 ἦν
974 904 1251 956 εἰσελθεῖν
1284 904 1362 965 εἰς
1393 903 1494 971 τὴν
1525 905 1690 956 πόλιν
1720 903 1828 956 ὑπὸ

136 998 210 1062 τῷ
251 993 432 1064 Μήδῳ
481 991 865 1061 γεγενημένην.
942 992 1029 1044 91.
1083 993 1139 1045 τί
1182 988 1310 1056 οὖν;
1365 990 1485 1062 ᾔδει
1533 992 1832 1061 Σωκράτης

134 1083 460 1149 συμβαίνων
490 1087 566 1153 τῷ
602 1083 785 1153 τρόπῳ
822 1080 828 1152 1
863 1089 959 1149 τῆς
988 1083 1212 1149 πόλεως,
1246 1081 1320 1143 ὡς
1351 1080 1380 1134 ὁ
1417 1079 1650 1149 Θέογνις
1725 1085 1916 1130 RIII32

135 1169 237 1222 οὐκ
299 1169 516 1239 ἀσφαλῆ
579 1179 698 1233 ταῖς
758 1173 950 1224 πόλεσι
1004 1177 1177 1223 ταῦτα
1238 1172 1548 1238 εἰσηγεῖται.
1613 1171 1660 1223 εἰ
1724 1171 1827 1240 γὰρ
1855 1194 1894 1224 ιι

135 1257 256 1328 [ὡς]
312 1259 366 1311 οἱ
421 1266 528 1312 νῦν
577 1256 707 1328 παρ’
769 1260 904 1328 ὑμῖν
958 1257 1210 1327 λέγοντες
1263 1257 1353 1312 καὶ
1409 1261 1828 1328 πολιτευόμενοι

132 1345 246 1415 μετ’
287 1347 620 1417 ἀχρηματίας
660 1347 746 1401 ἐπὶ
784 1349 883 1415 τὰς
922 1347 1184 1416 ἐμπορίας
1221 1350 1555 1418 τραπόμενοι
1588 1349 1648 1400 τὸ
1680 1349 1827 1416 βῆμα

131 1445 248 1499 τοῖς
300 1440 589 1500 πλουσίοις
639 1437 766 1505 με’ν,
812 1438 1007 1505 ἥκιστα
1062 1434 1122 1490 δὲ
1169 1438 1230 1490 τὸ
1286 1435 1418 1490 δέον
1471 1437 1826 1505 εὑρίσκουσιν

131 1525 389 1594 ἀφεῖσαν,
428 1524 770 1595 ἐνθυμεῖσθε
808 1536 909 1579 ποῖ
942 1526 1071 1579 ποτ’
1111 1525 1181 1578 ἂν
1220 1524 1419 1594 ἀφῖκτο
1460 1534 1523 1596 τῇ
1562 1528 1724 1579 πόλει
1760 1527 1824 1579 τὰ
1850 1547 1891 1581 15

129 1613 435 1683 πράγματα.

242 1703 327 1756 92.
385 1702 505 1757 Ἵνα
566 1705 761 1757 τοίνυν
827 1704 911 1756 ὅτι
972 1705 1039 1756 τὰ
1098 1704 1482 1773 χρησιμώτατα
1535 1710 1609 1776 τῷ
1667 1705 1821 1775 δήμῳ

129 1799 425 1855 ποιοῦντος
472 1792 533 1846 ἐν
578 1801 696 1856 ταῖς
743 1795 1065 1855 συνουσίαις
1113 1794 1447 1862 Σωκράτους
1494 1793 1612 1846 οἵδε
1659 1807 1821 1846 συκο-

249 1913 273 1951 3
298 1908 405 1953 Her.
430 1908 495 1952 IX
519 1914 544 1952 3
675 1914 701 1952 4
727 1909 784 1953 ef.
810 1924 855 1966 p.
882 1913 955 1964 63,
972 1914 998 1952 5
1122 1914 1147 1953 6
1171 1908 1291 1952 Plat.
1317 1906 1407 1963 leg.
1426 1908 1468 1951 V
1492 1924 1536 1966 p.
1565 1913 1650 1952 730
1668 1907 1700 1952 C

130 1972 153 2010 7
187 1967 323 2013 Isocr.
348 1984 393 2025 p.
428 1969 572 2012 306A
694 1973 748 2011 13
788 1970 821 2011 t.
854 1967 917 2012 IV
951 1972 1054 2024 161,
1068 1973 1146 2021 263
1180 1973 1354 2022 6822ss
1371 1968 1425 2011 R.
1460 1968 1516 2012 cf.
1550 1968 1693 2012 Thuc.
1718 1968 1740 2011 Ῑ
1767 1973 1816 2012 11

248 2073 274 2117 1
311 2071 534 2130 τάλαντα]
566 2071 722 2116 πάντα
755 2073 847 2116 Ath
859 2073 1023 2117 UVaB
1159 2076 1184 2115 2
1224 2071 1338 2128 μετὰ
1368 2079 1514 2116 ταῦτα
1546 2085 1622 2115 om
1654 2072 1699 2115 B

127 2137 155 2174 4
181 2132 259 2175 καὶ
291 2134 400 2175 ante
425 2129 562 2188 δίκην
585 2131 687 2175 Μοι·
703 2131 770 2174 Re
833 2131 983 2175 delevi
1007 2133 1195 2175 auefiore
1223 2131 1289 2175 Re
1315 2145 1421 2175 eum
1444 2131 1548 2188 Rog
1669 2136 1694 2174 5
1727 2139 1817 2174 τῶν

127 2206 178 2247 γε
210 2204 282 2235 om
312 2193 398 2236 Ma
520 2195 545 2234 6
579 2191 721 2250 (ἀντὶ
790 2198 882 2234 τῶν
914 2206 964 2248 γε
995 2190 1234 2235 ταλάντων
1259 2217 1314 2222 -
1341 2187 1490 2250 ᾐτεῖτο
1524 2190 1629 2234 coni
1662 2190 1817 2234 Gasda

186 2249 387 2306 ἥρτητοὶ)
508 2254 534 2294 8
557 2248 697 2300 θείας
777 2251 864 2295 aU
880 2250 962 2294 sed
986 2250 1035 2296 in
1059 2250 1147 2294 hoc
1172 2248 1212 2294 εί
1237 2263 1352 2304 eras,
1380 2251 1495 2294 VaB
1619 2253 1672 2293 10
1707 2263 1816 2305 συμ-

125 2307 303 2367 βαίνων
321 2309 484 2365 scripsi
503 2310 692 2353 auctore
701 2308 858 2352 Gasda
921 2310 1177 2369 συμβαῖνον
1193 2309 1304 2352 libri
1321 2309 1423 2353 Μοι·
1432 2309 1498 2352 Re
1562 2308 1687 2382 ςτὸ)
1705 2323 1816 2365 συμ-

124 2369 292 2469 §alvens
326 2371 514 2412 auctore
545 2368 756 2412 Iacobsio
779 2368 892 2412 Leet
917 2372 999 2412 197
1026 2368 1121 2412 Not
1145 2373 1201 2412 29
1226 2368 1330 2425 Rog
1356 2371 1361 2423 Ι
1392 2368 1543 2426 (καὶ)
1569 2385 1630 2418 ως
1653 2367 1814 2412 Iaoobs

172 2428 220 2471 ot
244 2431 299 2470 29
425 2432 478 2471 12
511 2428 572 2478 ὡς
603 2442 708 2471 cum
733 2427 946 2483 sequenti
969 2427 1013 2472 οἱ
1038 2428 1088 2471 in
1114 2424 1215 2472 ὅσοι
1246 2427 1572 2485 corrigendum
1604 2427 1709 2470 coni
1732 2427 1814 2482 Re,

125 2486 376 2531 delendum
407 2486 480 2530 vel
511 2486 561 2529 in
593 2484 654 2536 ὣς
691 2486 763 2530 vel
796 2485 941 2537 οὕτως
963 2487 1240 2530 mufiandum
1271 2486 1377 2530 coni
1407 2485 1568 2530 Iacobs
1597 2486 1703 2529 Add
1729 2491 1811 2530 231

125 2545 238 2590 Lect
257 2549 339 2590 198
364 2545 408 2588 N
411 2547 460 2590 ot
484 2550 555 2600 29,
587 2546 854 2589 auctoribus
877 2543 1089 2590 Iseobsio
1122 2547 1170 2591 et
1193 2544 1366 2590 Cobeto
1399 2544 1550 2589 delevi
1583 2559 1687 2588 cum
1711 2545 1814 2603 Rog

246 2609 299 2647 13
324 2602 416 2661 μετ’
437 2602 724 2679 ἀχρηματίας
746 2603 933 2680 repogui
957 2617 982 2649 e
1005 2604 1138 2648 libris
1156 2607 1344 2649 auctore
1360 2604 1568 2649 Iacobsio
1588 2618 1693 2648 cum
1710 2604 1814 2661 Rog

123 2663 237 2719 μετὰ
261 2661 518 2721 χρημασίας
539 2663 642 2708 Μοι·
658 2663 725 2708 Re
785 2660 882 2719 μετῖ
897 2663 1188 2723 ἀχρημασίας
1212 2663 1356 2708 Cobet
1378 2663 1546 2708 Mnem.
1565 2663 1628 2707 ΠΙ
1647 2669 1700 2706 14

126 2726 180 2766 15
206 2721 344 2778 ἀφείς
374 2722 434 2766 άν
458 2723 551 2768 Ath
578 2725 585 2779 Ι
611 2729 704 2766 ποῦ
739 2723 854 2767 VaB
913 2724 1006 2767 πού
1041 2724 1081 2768 U
1202 2727 1255 2767 18
1280 2729 1528 2773 ποιοῦντος
1558 2723 1723 2779 scripsi
1757 2736 1812 2767 ex

133 2782 179 2826 U
182 2782 298 2826 VaB
322 2782 589 2826 auctoribus
612 2781 824 2825 Iacobsio
848 2782 960 2825 Lect
987 2786 1070 2826 198
1102 2782 1197 2826 Not
1214 2786 1270 2826 30
1294 2784 1342 2826 et
1366 2781 1548 2826 Sinteni
1580 2796 1685 2826 cum
1708 2781 1812 2838 Rog

182 2847 426 2891 ποιοῦντες
451 2842 634 2885 MaAth
665 2840 766 2884 Mor
783 2841 850 2885 Re
882 2841 963 2896 qui
993 2848 1316 2897 παραινοῦντα
1348 2843 1394 2884 et
1418 2840 1674 2896 Σωκράτην
1706 2840 1810 2884 coni

127 2907 511 2956 Ιἐσυκοφαντοῦσιν
540 2900 727 2956 reposui
760 2913 785 2943 e
823 2899 955 2943 libris
988 2900 1255 2944 auctoribus
1287 2900 1354 2943 Re
1386 2900 1595 2944 Iacobsio
1629 2899 1810 2943 Sinizeni

123 2971 228 3001 cum
251 2959 356 3015 Rog
417 2966 817 3015 συκοφαντοῦντες
847 2959 948 3003 Μοι·
963 2959 1031 3002 Re

211 3039 406 3072 Ianumus
432 3041 488 3072 ed.
513 3041 750 3073 Foorster.
787 3041 830 3073 V.
1427 3039 1451 3075 5
