2026 3192
705 98 957 144 NEOCLIS
990 98 1214 144 ORATIO
1272 116 1273 119 ¹
1691 97 1799 150 473

115 239 440 305 διαλλαγῶν.
520 237 605 290 30.
661 236 1044 304 ἀναμνήσθητι
1100 238 1298 289 τοίνυν
1352 235 1423 298 ὡς
1473 234 1575 287 οὐκ
1630 234 1805 296 εὐθὺς

117 331 122 396 Ι
167 334 388 395 συνῆψα
436 337 556 389 ταῖς
601 324 840 395 πρώταις
886 327 1084 389 αἰτίαις
1128 327 1230 394 τὴν
1269 324 1624 394 ἀποκήρυξιν,
1671 326 1790 371 RIV
1809 329 1893 369 382

115 414 231 469 ἀλλ’
278 415 523 485 ἠρξάμην
561 412 664 485 μὲν
703 414 763 468 ἐκ
801 416 1059 484 δεήσεων,
1098 416 1353 483 προῦβην
1392 414 1453 467 δὲ
1486 415 1563 475 εἰς
1595 413 1806 481 βλέμμα

114 505 376 573 χαλεπόν,
430 496 615 557 ἔπειτα
670 506 746 567 εἰς
802 503 970 573 ῥῆμα,
1024 506 1214 571 τρίτον
1268 502 1354 556 ἐπὶ
1408 503 1650 565 τούτοις,
1706 502 1807 554 οὐκ

117 593 455 662 ἐκοινώνησα
494 593 771 662 τραπέζης,
812 593 879 646 οὐ
917 592 1434 662 προσεφθεγξάμην,
1475 586 1583 644 εἷθ’
1630 593 1702 653 ὡς
1738 592 1807 644 ἄν

115 703 197 745 τις
244 681 516 748 ἀπειπών,
571 680 860 750 παρέδωκα
912 691 1028 744 τοῖς
1083 682 1304 744 οἰκείοις
1350 682 1444 743 τὰς
1493 684 1807 742 νουθεσίας.

115 779 214 825 τοῦ
260 772 577 842 πράγματος
624 769 672 823 δ’
721 771 788 824 οὐ
837 773 1102 840 λήγοντος
1147 767 1328 838 ἦλθον
1382 770 1469 823 ἐπὶ
1522 771 1584 822 τὸ
1635 771 1808 836 μόνον

117 860 431 926 δυνάμενον
469 860 712 913 κωλύσαι
751 861 852 928 τὴν
889 862 1077 923 νόσον,
1117 860 1217 928 οὐχ
1250 859 1341 912 ἴνα
1381 859 1808 927 ἀποστερήσαιμι

116 959 229 1002 τῶν
278 947 549 1021 πατρῴων
601 957 824 1016 τοῦτον,
879 948 997 1002 ἀλλ’
1055 950 1148 1002 ἵνα
1202 949 1414 1016 ἀγαθὸς
1468 950 1809 1016 κληρονόμος

118 1040 330 1107 φανείη.
409 1039 495 1091 31.
535 1036 625 1090 καὶ
665 1038 766 1091 οὐκ
797 1035 959 1102 ἔδοξα
990 1047 1104 1100 τοῖς
1141 1039 1422 1100 δικασταῖς
1454 1041 1643 1106 ληρεῖν
1683 1033 1800 1089 οὐδ’

119 1127 332 1181 ἀδικεῖν
370 1125 432 1180 ἐν
470 1134 544 1199 τῷ
577 1133 867 1196 μιμεῖσθαι
906 1129 1036 1190 τοὺς
1077 1128 1312 1194 ἰατρούς.
1358 1129 1413 1179 τί
1451 1123 1554 1180 οὗν
1594 1124 1708 1179 ἐστι
1747 1127 1807 1178 τὸ

118 1215 368 1281 ἐκείνωνς
400 1216 533 1269 ὅταν
564 1213 665 1283 μὲν
696 1216 814 1286 εἴκῃ
845 1217 911 1268 τὰ
942 1217 1094 1285 πάθη
1127 1227 1242 1278 τοῖς
1275 1215 1602 1286 φαρμάκοις,
1636 1207 1810 1278 οὕτως

121 1305 311 1358 ἀπίασι
349 1304 439 1358 καὶ
478 1304 648 1358 πλέον
687 1306 855 1359 οὐδὲν
891 1305 1236 1375 ἐνοχλοῦσιν·
1279 1305 1503 1358 ἐπειδὰν
1534 1301 1595 1357 δὲ
1627 1308 1811 1373 μεῖζον

119 1390 153 1465 ᾗ
193 1395 253 1446 τὸ
300 1395 470 1447 κακὸν
519 1403 616 1463 τῆς
662 1393 752 1447 ἀπ’
799 1393 1026 1448 ἐκείνων
1064 1397 1350 1463 βοηθείας,
1398 1397 1655 1462 ἔκαυσαν,
1702 1397 1810 1446 ἑτε-

118 1503 244 1552 μον,
283 1483 450 1536 οὐδὲν
490 1484 746 1552 ὤκνησαν
791 1493 902 1537 τῶν
942 1483 1131 1551 ἀλγεῖν
1177 1481 1279 1552 μὲν
1323 1484 1664 1549 ποιούντων,
1710 1490 1809 1535 τοῦ

122 1574 311 1626 δεινοῦ
353 1572 413 1626 δὲ
452 1573 819 1642 κρατούντων.
859 1571 951 1633 καὶ,
992 1573 1121 1642 ἡμῖν
1159 1577 1352 1626 τοίνυν
1385 1575 1434 1625 εἰ
1465 1574 1567 1642 μὲν
1606 1571 1809 1640 ἀπέχρη

120 1662 186 1714 τὰ
226 1661 389 1724 ἄλλα,
427 1671 543 1724 τοῖς
581 1661 870 1731 προτέροις
915 1661 986 1715 ἂν
1025 1660 1313 1731 ἐχρώμεθα
1350 1664 1560 1729 μόνοις·
1613 1661 1810 1714 καλού-

120 1769 278 1817 μενοι
318 1750 380 1803 δὲ
419 1748 507 1803 ἐπὶ
545 1752 706 1820 μείζω
746 1754 804 1803 τί
838 1750 1134 1818 ἐμέλλομεν
1180 1761 1382 1821 ποιεῖν,
1431 1751 1531 1820 οὐχ
1578 1746 1657 1803 ὧν
1696 1749 1832 1817 ε”μεῃ

121 1842 339 1907 μνήμην
395 1841 597 1908 ἰατρῶν
660 1841 806 1910 ἄρτι,
868 1841 1085 1903 τούτοις
1147 1840 1505 1908 ἀκολουθεῖν,
1566 1836 1646 1894 ὧν
1699 1852 1812 1904 τοῖς

122 1926 505 1997 ἀρρωστοῦσιν
552 1929 719 1982 οὐδὲν
767 1930 893 1982 οὔτε
941 1932 1316 1998 λυπηρότερον
1363 1931 1490 1983 οὔτε
1541 1929 1812 1999 χρησιμώ-

122 2036 303 2086 τερον,
366 2017 452 2069 32.
509 2018 619 2087 ὁρῶ
676 2018 739 2071 δέ
798 2039 849 2071 τι
903 2021 1287 2087 παραπλήσιον
1348 2020 1437 2072 καὶ
1498 2020 1622 2086 περὶ
1683 2021 1813 2081 τοὺς

243 2154 265 2191 1
301 2150 561 2206 διαλλαγῶν
588 2150 676 2193 Ma
709 2150 790 2193 sed
823 2155 878 2205 ῆς
910 2163 1050 2206 supra
1082 2156 1146 2193 ὢν
1189 2150 1196 2209 Ι
1235 2153 1344 2194 ante
1379 2149 1707 2206 ἀναμνήσθητι
1737 2164 1812 2194 ras

123 2212 238 2250 4—5
272 2207 351 2251 litt
376 2210 485 2252 Lau
607 2213 629 2251 7
673 2206 720 2251 δ’
755 2209 928 2253 inserui
991 2209 1042 2253 δὲ
1079 2211 1189 2252 ante
1219 2209 1490 2266 πράγματος
1522 2208 1677 2252 Gasda.
1737 2224 1813 2253 om

122 2266 232 2310 libri
257 2267 349 2310 edd
469 2272 496 2312 8
520 2271 720 2311 κωλῦσαι
741 2268 1073 2312 OMaBLLau
1097 2269 1187 2311 edd
1213 2271 1262 2312 at
1286 2267 1342 2312 cf.
1363 2268 1432 2312 t.1
1457 2273 1616 2322 272.5;
1641 2273 1742 2321 402,
1761 2274 1811 2322 33

124 2330 319 2380 487‚12;
353 2327 452 2370 t.11
478 2331 645 2381 260,8;
678 2332 843 2382 411‚5;
884 2330 916 2371 ι.
943 2327 1006 2371 ΙΠ
1031 2332 1197 2382 211‚8;
1232 2331 1427 2381 285,18;
1460 2330 1491 2371 t.
1518 2327 1560 2371 V
1595 2332 1694 2381 116,
1714 2332 1766 2371 12
1805 2330 1807 2385 ξ

123 2385 376 2442 κωλύσαιμι
402 2389 437 2430 Ι
460 2386 541 2430 sed
574 2404 628 2443 γρ
653 2385 1014 2443 ἀποστερήσαιμι
1047 2401 1261 2443 suprascr
1284 2386 1354 2430 m'
1474 2391 1499 2431 9
1532 2394 1698 2431 τοῦτον
1721 2395 1813 2431 τῶν

123 2443 346 2502 πατρῴων
371 2447 405 2489 Ι
425 2448 430 2501 Ι
457 2445 633 2489 τούτων
658 2447 703 2490 Β
827 2450 880 2490 10
913 2447 998 2490 οὐκ
1026 2447 1064 2491 0
1180 2451 1232 2489 11
1268 2446 1359 2492 ἔστι
1395 2446 1431 2491 Ο
1462 2449 1469 2502 Ι
1507 2446 1558 2490 τὸ
1591 2446 1756 2502 scripsi
1789 2459 1813 2490 e

127 2502 349 2548 OBILau
408 2504 465 2548 τὰ
484 2506 618 2549 MaL
636 2504 727 2548 edd
850 2511 903 2548 12
930 2504 1075 2557 οὕτως
1099 2505 1263 2561 scripsi
1326 2504 1445 2551 οὕτω
1469 2505 1581 2549 libri
1605 2505 1695 2549 edd

128 2567 181 2604 13
213 2561 380 2607 ἀπίασι
412 2563 576 2620 scripsi
609 2578 714 2607 cum
747 2564 902 2609 Gasda.
933 2564 1036 2608 coll.
1073 2564 1211 2621 Soph.
1244 2564 1364 2608 Phil.
1400 2570 1526 2609 1067.
1571 2565 1680 2608 Ant.
1714 2570 1811 2609 315.

125 2620 231 2665 Eur.
264 2622 362 2666 Alc.
397 2627 495 2666 680.
531 2622 670 2679 Soph.
697 2622 809 2667 Oed.
843 2622 936 2668 Col.
973 2628 1086 2668 1279
1148 2630 1336 2668 ποιοῦσι
1361 2626 1594 2682 (ποιοῦσιν
1619 2626 1680 2675 Β)
1704 2623 1814 2667 libri

126 2679 217 2723 edd
245 2682 250 2736 Ι
279 2682 358 2725 καὶ
383 2707 436 2714 --
466 2682 732 2739 ἐνοχλοῦσιν
763 2697 835 2727 om
862 2685 908 2727 B
935 2686 941 2736 Ι
969 2683 1111 2727 πάλιν
1135 2684 1169 2726 Ι
1286 2689 1340 2727 15
1371 2697 1482 2728 voce
1514 2684 1669 2740 ἀλγεῖν
1701 2683 1814 2726 inci-

125 2739 199 2794 pit
225 2739 285 2784 Cr
314 2740 393 2784 fol.
422 2746 496 2784 15¹
523 2741 605 2785 scd
636 2754 787 2798 pauca
819 2741 987 2797 dispici
1020 2744 1198 2797 queunt
1321 2748 1373 2787 16
1406 2741 1585 2801 ἀπέχρη
1613 2744 1701 2787 Μα
1733 2741 1814 2786 sed

127 2814 147 2841 ε
180 2812 282 2842 corr
311 2799 380 2842 m⁴
502 2805 553 2843 17
588 2799 863 2856 πραοτέροις
881 2803 968 2845 Ma
1089 2804 1145 2844 20
1176 2801 1489 2858 λυπηρότερον
1507 2802 1551 2845 L
1574 2801 1656 2844 sed
1689 2799 1813 2856 ρότε-

126 2872 210 2959 {³321
233 2871 268 2961 g
299 2858 382 2913 ρὸν
415 2872 515 2902 corr
544 2859 614 2901 m²
680 2860 888 2916 λυπηρὸν
922 2860 1236 2905 CMaBILau
1380 2866 1433 2904 21
1467 2877 1511 2904 τι
1543 2874 1648 2904 cum
1678 2873 1753 2903 ras
1787 2865 1811 2903 3

145 2930 162 2958 1

1833 1053 1875 1086 10

1835 1497 1876 1530 15

1837 1925 1935 1974 20'
