2026 3192
547 120 982 166 THEMISTOCLIS
1014 120 1100 164 AN
1101 120 1343 166 TILOGIA
1682 123 1790 175 489

102 276 194 319 τος
247 257 338 310 καὶ
391 256 865 326 ὑπισχνουμένου,
919 258 1095 310 πολλὰ
1150 258 1213 310 δὲ
1266 267 1377 310 τῶν
1431 259 1651 311 οἰκείων
1704 259 1795 311 καὶ

102 347 284 415 φίλων
322 355 435 399 ποῖ
474 345 661 416 φέρῃ,
707 348 1045 410 Νεόκλεις;
1095 349 1157 400 τί
1201 353 1283 419 τῷ
1324 348 1645 416 πνεύματι
1686 356 1796 415 τῆς

102 435 297 504 ὀργῆς
337 433 637 506 ἐνδίδως;
685 438 749 489 τί
792 437 864 488 τὰ
911 444 1037 488 τῶν
1089 435 1252 489 νέων
1297 438 1566 505 πάσχεις
1616 442 1794 505 τηλι-

100 533 332 587 κοῦτος
371 525 480 589 fiam
534 532 658 579 νῦν
710 522 827 594 μὲν
880 524 1004 577 ὑπὸ
1059 530 1280 594 θυμοῦ
1333 526 1403 578 τὸ
1459 526 1796 595 παραστὰν

100 613 220 682 ἡγῇ
273 612 644 682 βέλτιστον,
697 613 978 682 ὕστερον
1032 614 1102 667 δὲ
1155 615 1371 685 γνώσῃ
1428 621 1639 687 σαυτῷ
1687 634 1794 668 πε-

100 704 491 771 πολεμηκώς.
555 702 940 772 ἀποστερεῖς
1000 704 1114 756 τὸν
1177 698 1363 756 οἷκον
1425 704 1592 756 οὕτω
1655 724 1794 772 γεν-

101 792 287 854 ναίας
333 792 589 860 φύσεως
635 791 739 845 καὶ
793 793 1138 860 θησαυρὸν
1190 801 1512 846 τοσοῦτον
1566 793 1792 862 ἐκβάλ-

101 883 230 934 λων
268 890 644 950 σωφρονεῖν
684 883 924 946 δοκεῖς;
965 883 1083 936 οὐκ
1121 881 1519 952 ἑπισχήσειςς
1569 883 1685 935 οὐκ
1726 881 1793 936 ἐν

101 977 311 1041 σαυτῷ
353 974 615 1041 γενήσῃ
678 971 727 1023 9.
765 974 942 1025 πολλὰ
989 980 1216 1025 τοιαῦτα
1265 971 1477 1039 ἐλέγετο
1517 973 1711 1039 μάτην,
1750 970 1791 1026 ὦ

100 1059 298 1127 ἄνδρες
345 1060 610 1112 δικασταί.
667 1064 857 1128 ληρεῖν
902 1063 1006 1130 γὰρ
1054 1061 1238 1130 ἡγεῖτο
1285 1064 1416 1123 τοὺς
1469 1060 1794 1130 κατέχοντας

99 1148 188 1200 καὶ
226 1150 394 1214 μόνος
433 1148 599 1211 αὐτὸς
636 1145 699 1202 εὖ
734 1159 968 1218 φρονεῖν
1006 1149 1097 1204 καὶ
1135 1152 1256 1203 δεῖν
1287 1149 1661 1219 ἐλευθερῶσαι
1692 1151 1793 1219 τὴν

99 1237 281 1289 οἰκίαν
341 1245 441 1290 τοῦ
504 1240 827 1307 νοσήματος.
897 1238 1237 1309 αἰσθομένης
1309 1239 1368 1292 δε
1433 1247 1527 1307 τῆς
1588 1240 1792 1308 μητρὸς

97 1324 188 1378 καὶ
229 1326 587 1396 ἐκπλαγείσης
624 1326 716 1380 καὶ
754 1330 893 1397 πρὸς
931 1330 997 1382 τὰ
1028 1331 1234 1396 γόνατα
1267 1329 1414 1398 αὐτῷ
1453 1329 1793 1396 προσπεσού-

98 1429 195 1482 σης
240 1415 332 1468 καὶ
380 1417 730 1485 ἱκετευούσης
769 1416 803 1485 ἢ
842 1418 914 1486 μὴ
961 1425 1133 1470 ταῦτα
1178 1426 1362 1471 ποιεῖν
1399 1417 1432 1486 ἢ
1481 1418 1572 1470 καὶ
1619 1417 1792 1486 αὐτὴν

96 1504 552 1574 προσεκβάλλειν,
612 1509 827 1572 μᾶλλον
881 1503 943 1559 δὲ
997 1506 1315 1560 ἀποκτεῖναι
1370 1508 1631 1575 γυναικὸς
1685 1503 1791 1575 ἔφη

99 1600 267 1646 ταῦτα
307 1589 449 1646 εἶναι
481 1595 858 1664 φλυαρούσης,
897 1602 973 1667 τῷ
1014 1597 1075 1648 δὲ
1107 1601 1240 1668 οἴκῳ
1275 1601 1582 1649 λυσιτελεῖν
1621 1595 1790 1666 ἕτερα.

96 1681 187 1735 καὶ
241 1686 420 1744 καλῶς
481 1679 682 1752 ἔλεγεν.
747 1684 813 1737 οὐ
868 1685 973 1754 γὰρ
1029 1686 1099 1738 ἄν
1152 1706 1204 1738 τι
1258 1689 1444 1752 μεῖζον
1505 1684 1792 1753 ὠφέλησεν

97 1770 267 1824 αὑτὸν
320 1771 353 1840 ἢ
408 1773 604 1835 παιδὸς
657 1772 1129 1842 ἀπαλλαττόμενος
1178 1783 1442 1843 πονηροῦ.
1523 1774 1605 1826 10.
1660 1769 1792 1842 ἧκεν

98 1858 184 1912 ἐπὶ
232 1861 448 1923 τούτοις
496 1862 573 1924 εἰς
619 1862 680 1914 τὸ
737 1863 1120 1931 δικαστήριον,
1176 1856 1296 1916 εἶπέ
1343 1883 1408 1932 με
1463 1872 1641 1925 κακῶς
1691 1863 1791 1916 ὅσα

96 1948 385 2017 ἠθέλησεν.
441 1948 642 2018 ἐσίγων
683 1950 787 2018 ἐγὼ
829 1953 997 2019 λόγον
1035 1949 1178 2020 ἔχων
1223 1952 1350 2020 μέν,
1406 1952 1683 2005 ἀντειπεῖν
1730 1952 1792 2004 δὲ

98 2037 164 2090 οὐ
236 2039 601 2106 βουλόμενος,
672 2040 819 2111 αὐτῷ
897 2041 1073 2113 τούτῳ
1151 2043 1350 2113 πρώτῳ
1429 2042 1649 2103 δεικνὺς
1717 2041 1791 2103 ὡς

98 2128 274 2179 εἰπεῖν
327 2130 504 2190 κακός.
566 2128 656 2181 καὶ
711 2129 821 2198 ἅμα
876 2128 1270 2198 ἐνεθυμούμην
1324 2131 1420 2196 ὡς,
1483 2131 1530 2182 εἰ
1585 2130 1674 2182 καὶ
1729 2131 1788 2182 τὸ

216 2307 241 2344 2
275 2302 440 2346 Aesch.
472 2302 622 2347 Prom.
648 2308 734 2348 884

217 2471 242 2508 2
275 2472 366 2509 ποῦ
392 2467 531 2510 ILau
590 2474 655 2524 πῆ
683 2467 721 2512 G
760 2472 766 2523 Ι
808 2467 928 2525 φέρῃ
955 2470 999 2513 L
1031 2469 1112 2512 sed
1146 2486 1172 2525 ῃ
1205 2468 1253 2511 in
1285 2481 1361 2511 ras
1393 2467 1463 2511 m²
1524 2466 1680 2524 φέρεις
1703 2469 1737 2511 Ι

97 2581 254 2638 φέρεις
277 2584 386 2627 Lau
521 2589 548 2626 4
579 2591 662 2628 τοῦ
695 2587 803 2629 ante
834 2589 992 2642 θυμοῦ
1026 2587 1070 2630 Β
1209 2591 1233 2629 9
1268 2593 1463 2631 σεαυτοῦ
1497 2585 1642 2631 Cobet
1673 2585 1788 2629 Misc

99 2646 181 2685 146
215 2645 266 2686 at
296 2642 353 2687 of.
386 2643 714 2699 t.1Vp.‚662
734 2645 848 2688 19R
895 2646 902 2701 Ι
952 2642 1130 2701 ἐγένετο
1159 2645 1196 2689 C
1316 2651 1370 2691 10
1402 2644 1619 2703 λέγοντας
1644 2647 1674 2688 1

100 2705 152 2743 12
185 2700 534 2770 αἰσθανομένης
538 2658 595 2746 PC
715 2708 768 2747 13
809 2704 954 2748 αὐτοῦ
978 2705 1012 2747 Ι
1129 2709 1183 2748 14
1215 2711 1408 2748 τοιαῦτα
1434 2707 1479 2749 Β
1610 2709 1664 2747 15
1698 2703 1787 2760 ἔφη

96 2766 242 2804 ταῦτα
282 2757 404 2805 εἶναι
443 2761 607 2818 scripsi
646 2775 672 2805 e
706 2763 824 2806 CBI
893 2759 1016 2807 εἶναι
1053 2770 1198 2807 ταῦτα
1238 2763 1523 2821 ἔφη1>1>αιι
1556 2763 1646 2806 edd

99 2823 152 2862 16
187 2817 319 2874 ἑτέρα
344 2821 387 2864 L
419 2821 500 2864 sed
532 2821 581 2863 in
613 2819 746 2875 ἕτερα
778 2835 879 2865 corr
908 2821 978 2865 m²
1122 2827 1176 2867 18
1218 2823 1361 2868 αὐτὸν
1393 2823 1502 2867 libri
1535 2819 1658 2866 sed’
1692 2820 1778 2864 in

98 2891 198 2922 corr
229 2878 349 2923 L²1²
410 2893 511 2924 corr
541 2879 644 2924 Mor
766 2885 819 2924 19
853 2877 953 2926 εἷπε
982 2883 1012 2924 Ι
1041 2882 1120 2925 sed
1154 2884 1246 2938 εζ2)
1279 2882 1328 2925 in
1359 2897 1435 2926 ras
1466 2881 1536 2925 m²
1577 2884 1584 2938 Ι
1627 2898 1679 2925 as
1712 2895 1781 2924 om

97 2938 136 2980 I
151 2942 156 2991 Ι
185 2936 336 2981 ὁπόσα
363 2939 398 2982 C
517 2944 570 2983 21
604 2946 787 2994 πρῶτον
811 2941 840 2982 Ι

1840 635 1859 667 5

1818 1081 1860 1112 1⁰

1817 1523 1858 1555 15

1814 1969 1855 2000 20
