2026 3192
228 141 336 192 45⁶2
483 107 486 111 ι
698 139 923 184 LIBANII
956 139 1348 184 DECLAMATIO
1381 141 1442 184 IX

227 282 415 328 formae
441 284 645 329 octavae
671 280 854 329 saeculi
881 280 973 327 XV
1006 282 1227 328 continet
1264 283 1377 342 post
1408 281 1662 329 Luciani
1698 281 1920 345 dialogos

229 361 333 413 πῶς
372 354 454 403 δεῖ
484 354 702 418 ἱστορίαν
750 353 1053 420 συγγράφειν
1093 348 1230 421 (inde
1269 369 1298 402 a
1338 355 1486 402 verbo
1529 359 1752 419 παραθεῖ
1785 353 1817 416 ξ
1851 357 1918 403 57

228 444 384 490 usque
427 429 490 476 ad
521 422 707 494 finem),
730 423 928 476 Ἱππίαν
959 425 991 492 ἢ
1025 429 1286 491 βαλανεῖον
1320 422 1427 494 (fol.
1454 422 1526 490 4),
1559 427 1668 493 περὶ
1701 426 1922 486 πένθους

230 496 336 569 (fol.
366 497 458 568 10)
492 505 633 550 annis
676 503 816 550 1769
858 505 924 551 et'
951 504 1092 550 1774
1134 519 1164 550 a
1198 501 1523 550 Constantino
1553 502 1920 565 Peloponnesio

231 577 284 623 in
313 577 477 625 insula
509 576 686 625 Patmo
719 579 944 624 exaratos

337 650 376 698 Ι.
409 652 624 712 primum
655 651 892 712 reliquias
926 650 1105 698 codicis
1138 650 1555 698 declamationum
1583 651 1795 698 Libanii.
1827 650 1922 698 At—

230 740 323 786 que
356 741 385 772 a
416 725 537 772 folio
574 718 657 791 1¹)
689 726 930 786 inscripto
963 723 1217 788 Λιβανίου
1251 731 1488 786 σοφιστοῦ
1522 722 1708 792 μελέται
1741 717 1921 790 (rubr.)

202 798 405 860 ⁴incipit
451 794 541 863 [N
545 802 715 860 εοκλῆ
730 794 799 863 ς].
848 798 1110 846 Antecedit
1162 799 1450 860 hypothesis
1498 814 1580 846 sex
1629 798 1784 846 lineas
1826 798 1922 845 ‚im-

227 873 367 934 plens
407 873 492 920 sed
538 875 639 920 iam
684 874 755 920 ita
797 888 998 934 prorsus
1041 872 1226 932 detrita
1271 876 1327 919 ut
1372 872 1499 920 nihil
1546 873 1723 935 dispici
1771 876 1922 934 queat

227 946 326 995 nisi
371 947 521 995 verba
569 948 838 1010 Νεοκλῆς
884 974 945 980 -
996 944 1378 1010 ἀποκηρύξας
1420 946 1707 1011 πρότερον
1753 950 1920 1009 θεμι-

229 1017 470 1069 στοκλέα
515 1047 590 1054 -
635 1019 730 1069 καὶ
786 1019 972 1083 πατὴρ
1031 1013 1186 1068 εἶναι
1228 1019 1441 1068 τούτου
1493 1047 1559 1053 -—
1607 1018 1775 1079 ἀξιοῖ.
1826 1038 1921 1083 με-

228 1097 478 1158 λετῶμεν
510 1093 611 1143 τὸν
644 1093 875 1159 ῥήτορα.
930 1095 1029 1143 Inc.
1053 1089 1256 1158 Ἄνδρες
1281 1092 1503 1143 δικασταὶ
1527 1092 1804 1143 ἀποδίδωσί
1824 1112 1920 1157 μοι.

226 1169 423 1216 Folium
465 1171 493 1217 3
538 1162 731 1235 (πόνων
777 1166 858 1217 καὶ
903 1165 1178 1230 παρεδίδου
1219 1170 1347 1229 478,
1377 1169 1442 1216 18
1490 1196 1556 1201 —
1598 1167 1922 1232 κατέγνωσται

228 1241 310 1290 καὶ
344 1244 467 1303 482,
487 1235 542 1309 4)
569 1244 716 1305 culpa
746 1242 1019 1306 bibliopegi
1057 1242 1222 1290 locum
1259 1242 1451 1290 invenit
1483 1245 1598 1291 ante
1629 1243 1752 1291 folia
1778 1244 1918 1288 4.—7

229 1310 630 1382 (ἐπανορθώσαις
663 1312 835 1377 465,4
878 1343 936 1350 —-
974 1322 1060 1380 τῆς
1091 1323 1178 1364 τοῦ
1210 1315 1392 1379 πατρὸς
1425 1318 1547 1377 482,
1566 1315 1638 1382 4).

340 1391 444 1439 Fol.
479 1392 536 1438 8v
562 1386 1013 1455 [Θεμιστοκλῆς]
1039 1391 1170 1438 rubr.
1196 1387 1361 1456 ἑτέρα
1394 1389 1598 1453 μελέτη
1632 1388 1921 1455 ἀπολογη-

229 1463 356 1527 τικὴ
390 1461 464 1523 ὥς
495 1462 606 1513 ἀπὸ
639 1463 956 1529 προσώπου
980 1462 1449 1527 θεμιστοκλέους
1480 1462 1626 1528 πρὸς
1656 1463 1757 1513 τὸν
1788 1462 1920 1513 ἕαυ-

229 1545 329 1586 τοῦ
359 1536 579 1602 πατέρα
610 1537 874 1600 νεοκλέα,
917 1537 978 1587 ἐν
1009 1527 1041 1608 ᾗ
1074 1536 1171 1586 καὶ
1203 1535 1503 1586 ἐνίσταται
1537 1536 1633 1585 καὶ
1665 1537 1822 1586 αἰτεῖ
1847 1537 1919 1601 μὴ

230 1611 430 1660 οἴκαδε
472 1610 611 1675 μετὰ
643 1620 743 1661 τοῦ
783 1610 1003 1676 πατρὸς
1041 1609 1328 1660 ἀπελθεῖν
1369 1612 1660 1661 δύσκολον
1705 1614 1922 1670 μᾶλλον

230 1684 300 1749 δὴ
335 1685 550 1749 ’μωρὸν
606 1685 848 1749 φάσκων
876 1710 878 1712 ·
903 1684 1039 1750 μετὰ
1094 1685 1199 1749 τὴν
1253 1683 1626 1749 ἀποκήρυξιν
1687 1685 1771 1744 εἰς
1817 1684 1921 1748 τὴν

230 1759 521 1823 πατρικὴν
555 1759 752 1808 οἰκίαν
782 1758 994 1808 ἐλθεῖν.
1028 1755 1311 1823 Ι110.’Ώμην
1337 1757 1424 1823 μὲν
1449 1753 1487 1808 ὦ
1511 1757 1701 1824 ἄνδρες.
1727 1760 1922 1808 Folium

234 1836 290 1882 9v
321 1835 502 1882 desinit
533 1834 696 1881 verbis
719 1833 810 1896 τὴν
841 1832 1147 1898 ἀποκήρυξιν
1173 1827 1319 1900 (488,
1340 1829 1433 1900 20)
1460 1850 1586 1896 quae
1611 1834 1924 1895 excipiuntur

231 2005 273 2032 11.
303 1994 436 2034 11801
484 1990 676 2034 clai-med
714 1991 772 2047 by
811 1991 880 2033 the
919 1991 1163 2034 Patriareh
1208 1992 1262 2043 of
1292 1990 1546 2034 Jerusalem
1585 1992 1636 2033 in
1668 1993 1790 2034 1816
1828 1990 1923 2033 and

230 2049 424 2093 restored
448 2054 492 2092 to
515 2050 609 2093 him
636 2052 784 2104 1817),
811 2063 930 2104 quae
953 2049 1169 2092 nituntur
1194 2049 1538 2092 commentariis
1564 2048 1733 2092 Toddii
1761 2063 1921 2092 manu-

231 2107 416 2163 scriptis
446 2107 497 2151 in
527 2107 816 2152 bibliotheca
847 2107 1236 2164 archiepiscopali
1268 2108 1551 2151 conservatis
1585 2110 1632 2151 et
1662 2107 1919 2164 inscriptis:

232 2168 334 2222 „An
366 2168 563 2211 account
595 2166 647 2211 of
676 2166 827 2211 Greek
851 2167 959 2211 Mss.
987 2166 1154 2222 chiefly
1186 2166 1382 2211 biblical
1412 2167 1566 2210 which
1597 2167 1691 2210 had
1724 2167 1842 2211 been
1874 2166 1922 2208 in
1993 2178 1995 2182 ⁴

231 2224 309 2269 the
342 2226 606 2282 possession
637 2225 689 2269 of
723 2226 801 2269 the
841 2226 954 2270 Late
987 2226 1108 2270 Prof.
1143 2225 1345 2282 Carlyle,
1386 2227 1465 2269 the
1505 2228 1691 2284 greater
1729 2227 1836 2281 part
1877 2226 1930 2269 of

232 2285 384 2328 which
416 2299 492 2328 are
525 2299 629 2329 now
662 2285 907 2341 deposited
937 2285 987 2328 in
1010 2285 1092 2329 the
1116 2285 1485 2342 archiepiscopal
1509 2285 1685 2340 library
1716 2286 1766 2328 at
1789 2284 1922 2327 Lam-

232 2343 346 2393 beth
369 2343 552 2398 Palace,
580 2344 800 2388 London.‘⁴
826 2359 870 2400 p.
890 2348 930 2388 8.
949 2348 1019 2388 57.
1037 2349 1105 2388 68.
1128 2346 1212 2400 70).
1255 2343 1421 2388 Coxius
1448 2345 1654 2389 codicem
1679 2344 1727 2387 in
1751 2343 1922 2388 biblio-

233 2402 369 2452 theca
400 2403 703 2459 patriarchali
745 2416 866 2447 anno
901 2407 1012 2446 1857
1063 2417 1091 2446 a
1130 2417 1179 2447 se
1221 2402 1369 2446 visum
1412 2403 1459 2446 in
1504 2403 1705 2460 „Report
1744 2402 1796 2445 of
1829 2403 1924 2446 Her

235 2461 471 2517 Majesty's
511 2461 821 2506 Government
866 2476 925 2506 on
972 2462 1052 2505 the
1099 2462 1241 2519 greek
1284 2462 1392 2505 Mss,
1439 2464 1521 2517 yet
1565 2461 1828 2518 remaining
1874 2462 1922 2504 in

234 2520 465 2564 Libraries
499 2521 550 2564 of
578 2520 656 2564 the
683 2521 870 2576 Levant,
895 2521 1086 2566 London
1114 2525 1257 2565 1858“
1281 2536 1324 2576 p.
1352 2526 1406 2564 51
1442 2522 1525 2565 sub
1551 2534 1741 2564 numero
1768 2525 1823 2564 80
1855 2521 1922 2564 ita

235 2579 478 2623 describit:
530 2580 722 2624 Colleeta
761 2594 816 2624 ex
847 2580 1071 2634 Libanio,
1111 2581 1427 2634 Demosthene,
1467 2581 1697 2625 Herodoto
1729 2586 1769 2623 et
1801 2581 1922 2624 aliis.

235 2639 373 2682 chart.
407 2640 459 2683 in
490 2639 551 2682 4²0
582 2653 661 2683 sec.
691 2640 789 2683 XV
817 2640 1042 2695 earefully
1072 2641 1251 2684 written
1275 2640 1370 2682 and
1393 2645 1473 2683 not
1493 2640 1733 2695 unworthy
1765 2640 1821 2693 of
1842 2653 1923 2682 no-

235 2699 329 2741 tice.
393 2697 458 2741 Of.
493 2711 612 2753 quae
645 2697 742 2740 dixi
773 2698 1029 2742 Francesco
1060 2698 1352 2742 Zambeccari
1384 2713 1428 2753 p.
1459 2702 1540 2741 139
1574 2699 1621 2740 et
1653 2697 1751 2740 Rel.
1779 2697 1921 2741 Acad.

236 2754 383 2799 Berol.
411 2761 525 2800 1885
557 2772 602 2812 p.
630 2760 714 2799 903
733 2771 799 2811 sq.

355 2818 395 2870 1)
431 2816 481 2858 In
505 2815 724 2859 inferiore
747 2811 957 2872 margine
980 2815 1198 2866 foliorum
1227 2821 1265 2870 1,
1293 2821 1332 2869 9,
1360 2821 1427 2870 17,
1453 2821 1507 2858 25
1534 2817 1720 2864 exstant
1744 2815 1921 2858 numeri

235 2888 594 2942 quaternionum
616 2884 706 2942 Ecm',
725 2884 776 2947 βο
801 2894 857 2945 ,ᾗ
883 2885 917 2943 ⁷,
934 2885 1020 2941 δον,
1040 2902 1236 2943 quorum
1258 2889 1448 2932 ultimus
1467 2889 1610 2932 etiam
1636 2889 1685 2931 in
1709 2888 1820 2931 folio
1840 2893 1919 2929 34v

237 2946 325 2989 fine
358 2944 678 3001 quaternionis
710 2948 934 3003 repetitus
968 2950 1050 2991 est.
