2054 3192
12 2860 17 2879 Ἣ
0 2622 13 2838 ι’μηυ--νμ-μ».
0 2564 7 2592 1*
0 2518 1 2523 Α
0 2467 6 2483 ··
3 2434 5 2438 -
0 2347 9 2410 --ιν

557 133 785 178 LIBANII
814 132 1121 178 APOLOGIA
1153 131 1436 177 SOCRATIS
1766 131 1837 183 25

142 274 332 342 ἄρχειν
370 271 528 340 ὑμῶν
567 267 925 338 βουλομένων
963 266 1054 320 καὶ
1093 269 1159 321 τὰ
1191 269 1353 321 κοινά
1384 269 1616 321 διοικεῖν
1656 267 1839 330 ένίους

143 360 403 429 ἐλέγχων,
444 359 528 412 ὅτι
571 357 706 427 πρὶν
745 358 892 419 ὅπως
936 356 1358 426 ἐπιμελήσονται
1397 365 1511 409 τῶν
1545 354 1551 427 Ι
1586 357 1711 423 ὑμε-
1766 361 1925 406 Rlns

143 449 318 518 τέρων
372 446 463 500 καὶ
518 457 632 509 πῶς
687 445 758 499 ἂν
811 444 1091 512 εὐδαίμων
1145 444 1363 514 γένοιτο
1414 446 1572 508 πόλις
1618 450 1837 513 μαθεῖν,

143 538 288 599 ὅπως
313 536 373 589 ἐν
404 545 522 599 ταῖς
553 535 747 604 ἀρχαῖς
778 533 1032 603 γένοιντο
1067 534 1506 603 διαπράττονται.
1546 532 1637 586 καὶ
1667 541 1838 586 ταῦτα

142 624 344 694 ἔλεγεν,
369 625 436 678 οὐ
469 626 543 694 μὰ
567 623 684 691 Δί’,
718 623 820 676 οὐκ
853 621 1102 685 ἐκείνους
1134 621 1195 675 ἐν
1227 622 1460 693 αἰσχύνῃ
1493 632 1676 675 ποιεῖν
1707 625 1838 690 βου-
1884 643 1904 676 5

144 715 388 783 λόμενος,
429 711 539 766 ἀλλ’
578 713 670 765 ἵνα
703 713 944 779 εἰδῶσιν,
984 712 1067 765 ὅτι
1100 709 1250 765 ἔστιν
1282 711 1310 765 ὁ
1343 714 1692 781 μεμψόμενος
1723 723 1838 774 τοῖς

144 803 407 873 ἀμελοῦσι
446 801 537 855 καὶ
576 801 844 866 ἐξετάσων
882 801 972 854 καὶ
1013 803 1183 868 λόγον
1213 800 1550 869 ἀπαιτήσων,
1590 799 1658 853 ἵν’
1700 800 1733 869 ἢ
1764 802 1836 869 μὴ

142 891 647 960 παρασκευάζοντες
671 890 875 952 αὑτοὺς
906 891 1207 959 χρησίμους
1231 888 1538 958 ἀπέχωνται
1569 898 1682 942 τῶν
1712 890 1839 958 ὑμε-

142 981 318 1050 τέρων
358 980 391 1048 ἢ
429 979 759 1048 παρέχοντες
797 979 1000 1041 αὑτοὺς
1032 979 1110 1040 εἰς
1140 979 1243 1047 τὴν
1273 979 1464 1047 χρείαν
1496 976 1839 1046 ἐπιτηδείους

143 1069 505 1138 συμφέρωσιν
541 1068 676 1135 ὑμῖν
715 1070 990 1138 ἄρχοντες.
1866 1089 1906 1121 ιο

256 1159 341 1210 21.
382 1158 490 1210 Καὶ
532 1158 623 1210 διὰ
663 1158 792 1220 τοὺς
830 1157 1146 1224 τοιούτους,
1186 1153 1227 1209 ὦ
1279 1155 1588 1225 Ἀθηναῖοι,
1640 1159 1840 1226 λόγους

144 1247 444 1315 Σωκράτης
490 1244 591 1315 μὲν
637 1251 862 1308 πολλοῖς
908 1245 1207 1314 ἀπήχθετο,
1247 1246 1313 1298 τὰ
1352 1242 1413 1298 δὲ
1452 1244 1703 1315 ὑμέτερα,
1743 1245 1840 1298 ἐὰν

145 1337 279 1388 ἄνευ
320 1337 545 1403 φθόνου
586 1343 762 1405 σκοπῇ
801 1355 902 1403 τις,
940 1339 1187 1405 πολλαχῇ
1226 1333 1449 1403 βέλτιον
1487 1333 1646 1404 ἔσχεν
1685 1335 1839 1402 ε’γκα-

148 1429 382 1486 λοῦντος
437 1425 519 1477 ἀεὶ
566 1425 767 1477 τούτου
822 1423 912 1477 καὶ
968 1424 1356 1490 ὀνειδίζοντος,
1411 1424 1494 1476 ὅτι
1549 1426 1840 1493 χρημάτων

143 1514 244 1583 μὲν
302 1512 613 1582 Ἀθηναίοις
668 1511 783 1566 ἐστὶ
837 1514 1013 1582 πολλὴ
1068 1511 1300 1582 φροντὶς
1352 1513 1441 1565 καὶ
1494 1511 1620 1582 περὶ
1675 1520 1838 1566 τοῦτο
1865 1531 1906 1565 15

145 1602 533 1670 ἐσπουδάκασι,
572 1611 685 1655 τῶν
724 1599 786 1655 δὲ
824 1611 1021 1671 ψυχῶν
1060 1602 1206 1664 ὅπως
1244 1603 1460 1671 ἄρισται
1513 1603 1839 1670 γενήσονται

268 1754 319 1791 11
355 1763 421 1804 sq.
455 1748 574 1792 Plass.
609 1747 732 1804 apol.
762 1763 804 1804 p.
833 1753 887 1791 23
906 1748 947 1791 A

264 1887 289 1924 2
323 1880 685 1937 ἐπιμελήσωνται
719 1882 904 1926 MaAth
1026 1886 1051 1924 3
1087 1879 1209 1933 ὅπως
1241 1883 1430 1925 auctore
1463 1880 1636 1924 Cobeto
1668 1881 1837 1925 Mnem.

144 1940 207 1984 ΠΙ
234 1945 317 1984 143
357 1940 462 1998 Rog
590 1947 617 1984 4
663 1938 787 1992 ὅπως
828 1941 1016 1997 reposui
1059 1954 1084 1985 e
1130 1941 1265 1984 libris
1313 1939 1581 1984 auctoribus
1628 1940 1839 1985 Iacobsio

144 1999 272 2072 (Lech
305 2004 388 2043 193
423 2000 517 2044 Not
541 2001 584 2055 8)
635 1999 816 2043 Sinteni
863 1999 1036 2044 Cobeto
1084 2014 1189 2044 cum
1230 2000 1333 2057 Rog
1409 1998 1549 2050 εἶ’πως
1595 1999 1698 2044 Μο1·
1712 1999 1780 2043 Re

146 2064 171 2102 6
205 2055 262 2103 ἵν’
291 2059 394 2114 Rog
421 2061 427 2113 Ι
456 2059 641 2104 εἰδῶσιν
672 2059 860 2132 reposui
892 2072 916 2103 e
948 2059 1081 2103 libris
1114 2060 1303 2103 auctore
1335 2058 1509 2103 Cobeto
1541 2073 1645 2102 cum
1678 2059 1782 2116 Rog

147 2117 308 2162 ἴδωσιν
339 2118 442 2162 Μο1·
457 2118 526 2162 Re
553 2119 559 2176 1
587 2117 883 2175 μεμψόμενος
914 2119 1080 2175 scripsi
1112 2118 1392 2162 auctoribus
1406 2117 1562 2163 Grasda
1594 2119 1642 2162 ei]
1666 2118 1839 2162 Cobeto

145 2191 251 2221 cum
281 2177 386 2234 Rog
446 2176 739 2234 μεμφόμενος
768 2178 879 2221 libri
909 2178 1013 2222 Mor
1028 2178 1095 2221 Re
1219 2176 1498 2230 Ίέξετάζων
1531 2178 1574 2220 Β
1603 2179 1608 2233 Ι
1644 2176 1840 2232 ἀπαιτή-

147 2250 238 2280 σων
270 2237 456 2293 reposui
489 2251 513 2280 e
543 2237 676 2280 libris
710 2239 901 2281 auctore
931 2237 999 2281 Re
1033 2252 1135 2281 cum
1169 2237 1273 2294 Rog
1341 2235 1623 2292 ἀπαρτήσων
1654 2237 1757 2280 Mor
1773 2236 1839 2279 Re
1920 2275 1927 2282 .

143 2293 253 2397 ki'v'
282 2296 457 2339 inserui
481 2309 507 2340 e
530 2295 662 2339 libris
688 2311 792 2340 cum
817 2297 964 2368 Rog
983 2311 1059 2341 om
1082 2296 1185 2340 Mor
1200 2297 1267 2340 Re
1295 2298 1301 2352 Ι
1330 2294 1359 2351 ἢ
1385 2295 1550 2351 scripsi
1576 2309 1601 2339 e
1617 2296 1706 2340 Ma
1734 2310 1839 2339 cum

187 2369 248 2411 og
309 2355 350 2398 εἰ
372 2355 543 2410 reliqui
567 2355 677 2398 libri
694 2356 796 2400 Μο1·
810 2356 879 2399 Re
940 2353 1036 2411 ἢεί
1060 2369 1085 2400 e
1110 2355 1201 2399 Par
1222 2359 1335 2399 3017
1356 2354 1514 2398 Gasda,
1619 2359 1645 2398 8
1671 2355 1840 2405 αὐτοὺς

145 2414 310 2489 scripsi
328 2427 383 2458 ex
409 2415 453 2459 U
463 2428 568 2458 cum
585 2414 689 2472 Rog
749 2415 921 2465 αὐτοὺς
942 2415 1114 2470 reliqui
1138 2414 1248 2458 libri
1265 2414 1368 2457 Mor
1383 2415 1452 2458 Re
1480 2414 1486 2471 Ι
1513 2411 1766 2471 χρησίμους
1783 2440 1838 2446 -

146 2477 170 2516 9
197 2474 366 2524 αὑτοὺς
383 2474 431 2516 in
449 2488 581 2530 marg
600 2475 688 2518 Ma
715 2475 721 2531 Ι
748 2473 1013 2531 ἀπέχωνται
1036 2474 1224 2530 reposui
1242 2487 1266 2517 e
1285 2474 1468 2518 MaAth
1482 2474 1525 2518 U
1531 2474 1598 2516 Va
1615 2487 1719 2516 cum
1741 2473 1841 2539 Rpg

195 2531 449 2589 ἀπέχονται
467 2533 511 2576 Β
532 2533 635 2576 Mor
650 2533 718 2576 Re
781 2532 1056 2591 ἀντέχονται
1081 2533 1187 2577 coni
1204 2533 1272 2576 Re
1364 2538 1389 2576 9
1417 2532 1587 2582 αὐτοὺς
1609 2531 1798 2588 reposui
1815 2546 1839 2574 e

146 2591 284 2635 Mal]
295 2593 378 2635 VB
396 2606 500 2635 cum
517 2592 621 2649 Rog
682 2593 854 2642 αὐτοὺς
870 2593 964 2637 Ath
981 2593 1083 2636 Mor
1098 2592 1167 2636 Re
1261 2596 1315 2634 10
1334 2591 1630 2648 συμφέρωσιν
1652 2591 1839 2647 reposui

145 2663 169 2693 e
203 2651 420 2695 MaUVa
459 2652 648 2695 auctore
688 2650 845 2694 Gasda
885 2665 990 2694 cum
1030 2652 1134 2708 Rog
1218 2649 1532 2706 συμφέρουσιν
1564 2651 1706 2695 AthB
1738 2650 1840 2694 Mor

145 2708 213 2752 Re
241 2711 247 2766 Ι
275 2708 385 2765 ἡμῖν
413 2711 501 2754 Μα
624 2715 676 2753 12
710 2709 951 2784 ἀπήχθετο
983 2710 1171 2766 reposui
1203 2723 1228 2754 e
1262 2710 1502 2755 MaAthU
1508 2711 1575 2754 Va
1607 2723 1712 2753 cum
1737 2710 1840 2765 Rog

203 2767 452 2836 ἀπήχθητο
484 2769 529 2811 Β
563 2767 719 2812 Gasda
779 2768 904 2827 ἀπήχ
908 2772 975 2826 θη
977 2786 1054 2813 ται
1084 2769 1187 2813 Mor
1202 2769 1269 2812 Re
1394 2774 1447 2812 15
1478 2784 1561 2825 μεν
1602 2783 1677 2812 om
1702 2769 1795 2812 Ath
1830 2769 1835 2826 Ι

145 2826 239 2869 ἐστὶ
271 2827 436 2882 scripsi
460 2830 649 2872 auctore
673 2787 904 2872 Ιαοοῦεἰοχ
916 2827 1012 2872 Not
1035 2833 1061 2872 8
1092 2842 1197 2872 cum
1221 2828 1325 2884 Rog
1386 2824 1490 2872 οὖσι
1513 2826 1622 2870 libri
1648 2827 1748 2870 Mor
1771 2827 1839 2872 Re

149 2885 153 2941 Ι
180 2885 347 2929 τούτου
374 2886 490 2930 VaB
614 2892 668 2930 16
703 2884 826 2938 ὅπως
857 2887 918 2937 ὡς
949 2886 1135 2942 ἄρισται
1167 2890 1357 2931 auctore
1381 2886 1555 2930 Cobeto
1581 2886 1748 2929 Mnem.
1776 2886 1839 2929 ΠΙ

147 2948 229 2987 143
262 2944 366 3000 R-og
394 2947 399 3000 Ι
428 2944 709 3001 γενήσωνται
743 2948 832 2990 Μα
894 2943 1119 3002 γένωνται
1151 2945 1322 3002 reliqui
1353 2945 1462 2989 libri
1524 2959 1626 2989 corr
1656 2946 1758 2989 Mor
