2054 3192
540 141 768 186 LIBANII
798 141 1102 187 APOLOGIA
1133 141 1418 187 SOCRATIS
1753 143 1821 196 79

241 277 362 330 117.
395 275 561 330 Ὅταν
601 274 661 330 δὲ
702 276 831 348 λέγῃ
870 286 987 340 τοῖς
1025 277 1127 346 μὲν
1174 277 1320 341 νέοις
1367 279 1539 333 αὐτὸν
1578 278 1821 347 διαλέγε-

127 371 280 434 σθαι,
319 375 435 429 τοῖς
472 365 867 436 πρεσβυτέροις
906 367 967 420 δὲ
1000 366 1103 420 οὐκ
1135 367 1368 436 ἐθέλειν,
1408 369 1683 431 ψεύδεται.
1729 369 1819 421 καὶ

127 455 300 518 οὕτως
354 453 505 508 ἐστὶν
558 455 811 525 ἀναιδής,
867 452 985 509 ὥστ’
1047 456 1196 526 ὁρῶν
1251 456 1311 510 ἐν
1372 457 1508 526 ὑμῖν
1560 458 1652 510 καὶ
1705 466 1821 520 τοῖς

125 546 541 613 περιεστηκόσιν
580 544 684 598 οὐκ
723 545 948 613 ὀλίγους
985 555 1097 598 τῶν
1136 547 1444 615 χαιρόντων
1490 544 1581 599 καὶ
1620 548 1820 600 συνόν-

125 652 236 686 των
282 631 374 686 καὶ
420 632 718 702 χρωμένων
767 632 858 686 καὶ
906 629 986 687 ὧν
1033 635 1222 688 εἰώθει
1272 634 1454 703 λέγειν
1505 634 1820 704 ἀκηκοότων
1867 656 1895 689 5

126 722 269 789 ὅμως
290 720 482 791 φησὶν
521 723 693 776 αὐτὸν
732 723 965 792 φεύγειν
995 720 1098 792 μὲν
1128 726 1260 786 τοὺς
1289 725 1516 793 ἄνδρας,
1555 724 1822 794 θηρεύειν

125 808 186 864 δὲ
225 812 326 880 τὴν
369 814 613 880 νεότητα.
665 813 871 879 νομίζει
919 813 1023 882 γὰρ
1071 812 1212 880 ὑμᾶς
1251 808 1331 866 ὧν
1370 813 1556 876 αὑτοῖς
1596 813 1820 866 σύνιστε

123 901 270 969 παρὰ
307 901 486 954 πάντα
526 901 623 954 τὸν
662 903 865 970 χρόνον
903 900 937 954 ἃ
977 909 1085 955 νῦν
1124 901 1349 956 ἀκούετε
1387 904 1680 972 πιστότερα
1716 904 1819 971 θή-

125 995 339 1042 σεσθαι.
421 989 542 1042 118.
581 990 747 1059 χωρὶς
788 987 848 1043 δὲ
888 991 1118 1059 τούτων,
1159 992 1206 1044 εἰ
1245 988 1348 1058 μὲν
1386 992 1558 1045 αὑτὸν
1599 991 1699 1061 μὲν
1739 991 1819 1044 δι-

126 1078 420 1147 δάσκαλον,
453 1078 651 1148 οἴκημα
684 1078 749 1133 δέ
776 1100 828 1132 τι
862 1080 1250 1133 διδασκαλεῖον
1280 1079 1597 1149 προσειπὼν
1628 1079 1819 1133 ἐνταῦ-
1845 1101 1896 1133 ιο

124 1173 201 1220 θα
258 1169 511 1236 ἱδρυθεὶς
564 1170 830 1239 θυρωρὸν
893 1168 1182 1233 ἀποδείξας
1245 1179 1359 1232 τοῖς
1427 1166 1530 1239 μὲν
1592 1168 1819 1222 εἰσιέναι

122 1260 331 1326 παριέι,
371 1266 486 1320 τοῖς
534 1253 594 1309 δὲ
633 1259 732 1325 μή,
778 1260 992 1324 μᾶλλον
1037 1254 1098 1310 δὲ
1145 1260 1321 1327 νόμον
1367 1256 1632 1310 ἐτεθείκει
1672 1256 1820 1320 νέοις

122 1343 224 1415 μὲν
262 1348 539 1400 εἰσελθεῖν
579 1339 740 1414 εἶναι,
778 1345 1176 1416 πρεσβυτέροις
1223 1344 1284 1399 δὲ
1331 1350 1428 1416 μή,
1467 1343 1582 1416 τάχ’
1628 1348 1699 1399 ἄν
1737 1367 1820 1409 τις

123 1435 412 1489 ὑπώπτευε
443 1436 544 1504 τὴν
573 1438 904 1490 συνουσίαν·
945 1436 994 1488 εἰ
1027 1432 1075 1488 δ’
1115 1434 1237 1489 οὔθ’
1275 1435 1540 1505 ὑπέσχετο
1574 1434 1820 1500 διδάξειν

124 1525 250 1578 οὔτε
290 1527 497 1594 μόνους
534 1526 665 1587 τοὺς
703 1523 890 1593 νέους,
937 1533 1221 1594 πανταχοῦ
1269 1522 1330 1577 δὲ
1378 1521 1446 1578 οὗ
1489 1534 1600 1578 τῶν
1640 1526 1818 1578 διαλε-
1844 1545 1894 1578 1⁵

124 1613 370 1682 ξομένων
425 1615 674 1683 λάβοιτο,
736 1611 876 1667 τοῦτ’
938 1611 1010 1683 ἦν
1070 1615 1219 1687 αὐτῷ
1277 1617 1482 1684 χωρίον
1536 1615 1820 1683 διατριβῆς

127 1703 397 1772 φάσκοντι
437 1705 749 1772 μανθάνειν
789 1703 1086 1770 ἐπιθυμεῖν
1124 1703 1307 1775 κύκλῳ
1352 1723 1409 1756 τε
1449 1703 1620 1756 αὐτὸν
1659 1704 1820 1772 ὄχλος

123 1801 234 1844 τῶν
281 1790 637 1859 βουλομένων
682 1791 983 1861 περιέρρει,
1037 1793 1094 1844 τί
1138 1793 1224 1846 δεῖ
1267 1800 1471 1845 τοῦτον
1518 1792 1701 1861 λέγειν
1747 1793 1821 1854 ὡς

122 1888 237 1943 τοῖς
275 1881 377 1949 μὲν
417 1889 611 1950 συνῆν,
647 1879 653 1951 Ι
688 1890 804 1943 τοῖς
843 1877 902 1933 δὲ
944 1882 1033 1951 οὔ,
1081 1881 1148 1934 οὐ
1190 1881 1294 1950 γὰρ
1338 1882 1636 1950 Σωκράτης
1712 1885 1905 1929 R11141

243 2046 268 2085 3
301 2041 358 2086 cf.
392 2041 511 2085 Plat.
546 2041 666 2098 apol.
700 2057 744 2098 p.
772 2046 828 2086 30
849 2042 888 2084 A

241 2195 268 2232 4
313 2188 485 2247 ὀλίγοις
525 2192 614 2235 Ma
653 2190 755 2234 Mor
804 2192 808 2245 1
859 2191 939 2234 καὶ
983 2193 1092 2235 ante
1137 2187 1397 2248 χαιρόντων
1437 2190 1547 2234 libri
1587 2191 1677 2234 edd
1740 2191 1818 2234 de-

122 2248 214 2293 levi
338 2254 360 2292 7
395 2247 568 2306 νομίζει
600 2264 704 2294 cum
735 2262 811 2293 ras
847 2256 869 2294 1
903 2249 982 2293 liti:
1013 2252 1122 2306 post
1153 2252 1241 2307 ι(2)
1269 2252 1357 2294 Μα
1384 2252 1390 2306 Ι
1418 2248 1479 2294 ἂν
1519 2252 1627 2294 ante
1661 2251 1821 2302 αὑτοῖς

133 2309 177 2353 U
180 2308 297 2352 VaB
329 2309 431 2352 Mor
447 2309 514 2352 Re
546 2311 593 2352 et
624 2309 750 2354 inser
776 2311 862 2353 Ma
925 2309 1076 2354 delevi
1109 2311 1298 2353 auctore
1338 2308 1512 2353 Cobeto
1554 2309 1722 2353 Mnem.
1754 2309 1818 2353 ΙΠ

127 2372 206 2411 151
243 2382 347 2411 cum
379 2368 482 2425 Rog
508 2372 514 2424 Ι
542 2369 702 2419 αὐτοῖς
733 2368 898 2424 scripsi
930 2382 986 2412 ex
1027 2370 1141 2414 UVa
1175 2370 1365 2413 auctore
1397 2368 1553 2413 Gasda
1585 2383 1691 2412 cum
1718 2368 1820 2425 Rog

184 2427 343 2477 αὐτοῖς
375 2428 463 2471 Μα
494 2427 575 2472 sed
595 2425 608 2441 ’
630 2425 701 2471 in‘
737 2441 838 2471 corr
860 2427 944 2483 m2,
976 2429 1118 2472 AthB
1150 2427 1253 2471 Mor
1267 2428 1336 2472 Re
1457 2432 1484 2472 8
1523 2428 1715 2472 ἀκούετε
1744 2442 1816 2472 re-

124 2486 260 2542 posui
291 2501 316 2529 e
348 2485 482 2530 libris
515 2489 703 2530 auctore
734 2486 803 2532 Re
828 2501 934 2531 cum
957 2487 1060 2543 Rog
1121 2487 1309 2539 ἀκούεις
1332 2487 1434 2532 Mor
1448 2487 1516 2531 Re
1544 2490 1550 2542 Ι
1579 2486 1819 2544 φήσεσθαι

127 2546 215 2590 Μα
247 2545 328 2589 sed
361 2563 396 2601 φ
427 2546 476 2589 in
507 2560 583 2590 ras
614 2545 685 2589 m'
806 2551 830 2590 9
864 2546 1007 2591 αὑτὸν
1039 2546 1204 2603 scripsi
1238 2560 1343 2590 cum
1374 2546 1479 2603 Rog
1538 2547 1683 2592 αυτὸν
1721 2547 1766 2591 U

124 2604 268 2649 αὐτὸν
298 2603 467 2661 reliqui
499 2604 608 2649 libri
633 2605 735 2649 Mor
751 2605 817 2649 Re
941 2610 995 2648 10
1021 2605 1072 2651 δὲ
1099 2603 1168 2649 ’ὄτι
1194 2608 1284 2650 Μα
1312 2607 1318 2663 Ι
1345 2605 1649 2650 ὃιὸασκάλιον
1673 2605 1819 2650 εἰπὼν

123 2664 216 2707 Ath
338 2668 390 2707 11
426 2663 638 2718 ἱδρυθεὶς
670 2664 836 2720 scripsi
861 2678 885 2708 e
917 2665 1034 2709 VaB
1058 2679 1163 2708 cum
1187 2665 1291 2722 Rog
1352 2664 1595 2719 ἱδρυνθεὶς
1621 2666 1710 2709 Μα
1735 2665 1816 2709 sed

123 2738 181 2765 vv
205 2722 255 2766 in
278 2736 354 2766 ras
379 2722 448 2766 m²
510 2723 751 2778 ἱδρυσθεὶς
771 2724 920 2768 AthU
937 2723 1039 2768 Mor
1053 2724 1122 2767 Re
1244 2729 1299 2767 12
1323 2722 1492 2779 παρείη
1519 2726 1610 2769 Μα
1637 2726 1642 2781 Ι
1671 2725 1816 2781 ὃὲ(2>]

124 2782 199 2825 δεῖ
227 2783 320 2825 Ath
347 2784 354 2838 Ι
381 2781 527 2838 νόμον
559 2783 649 2826 Μα
681 2782 762 2826 sed
795 2799 819 2826 ο
838 2785 899 2838 (2)
931 2783 980 2826 in
1011 2796 1086 2826 ras
1118 2782 1189 2826 m²
1311 2789 1365 2827 15
1397 2798 1444 2827 τε
1469 2784 1563 2827 Ath
1597 2786 1603 2839 Ι
1639 2783 1693 2827 οὔ
1729 2785 1818 2827 Μα

245 2845 299 2884 16
324 2839 409 2885 οὖν
435 2843 524 2886 Μα
649 2847 698 2885 17
726 2839 762 2885 τ’
791 2842 894 2899 Rog
1017 2847 1071 2886 18
1096 2842 1358 2910 <ἀκούειν>
1384 2845 1491 2898 post
1523 2841 1818 2900 βουλομένων

125 2899 361 2956 ευΡΡΙΘνὶἠ
393 2899 593 2945 Cobetus
621 2902 628 2957 Ι
656 2901 707 2944 δὲ
739 2902 832 2945 Ath
864 2900 921 2957 δὴ
948 2903 993 2946 Β
1022 2905 1027 2957 Ι
1055 2908 1219 2946 τοῦτον
1253 2901 1419 2957 scripsi
1450 2915 1555 2945 cum
1586 2901 1676 2944 Par
1701 2905 1814 2944 3017

183 2966 317 3003 τοῦτο
349 2959 519 3014 reliqui
552 2959 660 3003 libri
698 2960 788 3002 edd
816 2961 822 3017 Ι
849 2959 997 3017 λέγειν
1030 2961 1119 3004 Μα
1151 2960 1232 3004 sed
1265 2977 1292 3004 ν
1324 2961 1373 3003 in
1404 2974 1479 3003 ras
1510 2959 1579 3003 m²
