2026 3192
228 143 337 195 334
714 117 942 188 mmm
971 144 1361 190 DECLAMATIO
1393 144 1436 187 v

229 279 288 331 ἐν
334 287 399 349 τῇ
446 277 602 331 παιδὶ
649 287 930 347 τοιοῦτον,
978 278 1053 333 δι’
1098 279 1127 332 ὃ
1168 282 1253 333 δεῖ
1298 282 1768 350 προκινδυνεῦσαι
1817 290 1923 334 τοῦ

229 369 560 437 δυσμενοῦς;
614 372 858 422 πλοῦτον
904 366 1180 422 ἐποίσεται
1233 369 1419 439 μέγαν.
1483 368 1603 423 ἀλλ’
1655 370 1722 423 οὐ
1776 376 1942 429 θαυ-ΙΛ

227 457 373 525 μάζω
428 458 490 509 τὸ
544 461 820 511 πλουτεῖν.
884 459 1000 528 ὥρᾳ
1054 458 1252 527 λάμπει
1306 460 1568 528 σώματος.
1639 457 1753 512 ἀλλ’
1817 459 1922 512 οὐκ

229 544 470 614 ἀσφαλὲς
509 546 569 598 τὸ
609 553 785 614 κτῆμα
823 547 914 598 καὶ
953 548 1237 600 δείκνυσιν
1261 545 1466 617 Ἑλένη.
1505 550 1726 615 τρόπων
1757 550 1922 616 ἤσκη-

190 656 208 687 5
234 654 330 687 κεν
383 634 596 703 ἀρετήν.
660 633 750 687 καὶ
800 638 1036 706 πότερον
1088 637 1191 704 τὴν
1242 638 1424 705 τήθην
1476 636 1509 704 ἢ
1565 638 1665 705 τὴν
1719 637 1926 706 τηθίδα

230 725 542 794 μεμίμηται,
581 723 780 792 γένους
818 724 992 792 ἕνεκα,
1032 726 1100 793 νὴ
1142 727 1266 778 Δία.
1316 724 1406 778 καὶ
1442 728 1676 794 πότερον
1716 711 1926 786 Αἰακὸς

142 817 263 861 RIV
280 822 335 861 65
421 814 705 866 Ταντάλου
745 815 942 883 χείρων
984 814 1014 882 ἢ
1051 812 1057 885 Ι
1094 817 1317 882 Πηλεὺς
1352 811 1597 883 Ἀτρέως,
1638 807 1717 866 ὧν
1757 812 1786 866 ὁ
1823 813 1928 879 μὲν

234 902 365 971 εὐχῇ
397 902 495 954 τὸν
528 903 690 968 λιμὸν
722 905 934 970 ἔλυσεν,
965 903 992 955 ὁ
1026 899 1086 955 δὲ
1118 905 1218 971 τὴν
1250 913 1363 955 τῶν
1388 902 1724 971 Κενταύρων
1755 901 1927 971 ὕβριν

354 1037 379 1075 6
413 1032 606 1076 Aristid.
638 1047 683 1088 p.
710 1037 811 1087 607,
829 1038 854 1075 3
890 1036 937 1077 et
971 1039 1023 1076 12
1043 1048 1109 1090 sq.
1235 1038 1257 1076 7
1294 1033 1349 1077 cf.
1383 1034 1683 1087 t.11545‚15
1807 1037 1833 1076 8
1866 1031 1926 1076 cf.

236 1092 296 1135 ad
320 1093 353 1135 t.
372 1092 436 1134 III
454 1096 554 1147 243,
565 1098 590 1135 2

356 1202 381 1239 5
414 1196 498 1253 τὴν
529 1173 683 1252 τήθην
717 1195 742 1251 ἢ
774 1196 859 1253 τὴν
891 1195 1089 1269 τηθίδα]
1121 1195 1293 1253 τίθην
1325 1196 1507 1254 λέγουσι
1531 1197 1614 1253 τὴν
1638 1202 1720 1239 τοῦ
1731 1195 1932 1271 ,watche

238 1254 286 1331 ἦ
298 1262 381 1311 τῆς
410 1256 580 1311 μητρὸς
611 1255 798 1331 μητέρα,
831 1253 928 1300 ἀλλ’
968 1257 1021 1299 οὐ
1045 1255 1257 1313 μάμμην.
1291 1257 1446 1306 οὐδεὶς
1477 1273 1563 1313 γαρ
1595 1263 1687 1299 τῶν
1720 1252 1930 1328 ἀρχαίων

242 1310 353 1359 εἷπε.
387 1318 557 1371 μᾶλλον
589 1332 671 1371 μεν
704 1332 789 1360 ουν
820 1333 905 1371 την
938 1314 1110 1371 μητέρα
1140 1315 1263 1368 τινὲς
1286 1317 1440 1360 αὐτῶν
1464 1315 1667 1389 μάμμιον
1691 1313 1930 1368 ἐκάλεσαν,

242 1375 298 1418 σὺ
331 1376 381 1419 δὲ
414 1374 586 1431 μητέρα
618 1374 730 1431 λέγε.
763 1374 845 1430 τὴν
879 1373 932 1418 δέ
963 1392 1013 1432 γε
1044 1382 1126 1418 τοῦ
1158 1375 1333 1430 πατρὸς
1356 1373 1383 1430 ὴ
1408 1381 1491 1431 τῆς
1521 1372 1689 1431 μητρὸς
1721 1372 1929 1428 ἀδελφὴν

241 1433 443 1478 τιθίδα
475 1434 633 1506 φασὶν.
675 1434 871 1489 ἐδήλωσε
911 1433 962 1479 δὲ
994 1434 1218 1507 Λιβανιος
1251 1435 1459 1478 ἐνταῦθα
1506 1432 1747 1490 ἀμφότερα
1786 1431 1933 1489 λέγων

241 1494 350 1544 τοὺς
386 1500 468 1549 τῆς
497 1490 830 1550 Ἀγαμέμνονος
867 1492 1123 1550 θυγατρός·
1172 1493 1393 1547 τρόπων
1437 1493 1680 1549 ἤσκησεν
1724 1490 1931 1546 ἀρετὴν

243 1553 336 1596 καὶ
367 1552 608 1606 πότερον
641 1553 738 1609 τὴν
779 1551 948 1610 τίθην
980 1551 1007 1608 ἢ
1039 1554 1138 1610 τὴν
1170 1551 1371 1596 τιθίδα
1413 1551 1735 1624 μεμίμηται
1786 1568 1812 1606 7]
1844 1550 1932 1606 τὴν

243 1611 429 1686 μάμμην
455 1613 610 1667 αὐτῆς,
634 1612 718 1668 τὴν
743 1612 967 1685 Εὐρόπην
992 1615 1111 1669 (corr
1133 1611 1364 1668 Αερόπην)
1390 1609 1617 1668 δηλαδὴ
1592 1629 1619 1667 η
1644 1610 1728 1667 τὴν
1753 1608 1933 1664 Λήδαν,

243 1688 271 1726 η
302 1671 386 1728 τὴν
424 1669 567 1716 θείαν
608 1673 750 1727 αυτης
782 1669 988 1732 Ελένην
1015 1671 1098 1728 τὴν
1137 1677 1219 1727 τῆς
1257 1671 1427 1728 μητρὸς
1465 1671 1672 1726 ἀδελφὴν
1716 1667 1932 1725 δηλονότι

243 1733 334 1774 κτλ.
361 1735 431 1787 (=
459 1731 619 1774 Thom.
653 1731 714 1773 M.
746 1731 832 1774 1.1.
865 1747 909 1787 p
938 1727 1038 1783 360,
1054 1736 1244 1786 4—361‚
1265 1736 1290 1773 2
1321 1729 1477 1787 υἱέων)
1510 1730 1580 1774 B²

360 1807 446 1846 την
477 1789 650 1848 τήθην]
676 1790 761 1846 τὴν
785 1788 999 1847 Αερόπην
1023 1790 1143 1847 λέγει
1172 1791 1256 1846 τὴν
1279 1797 1363 1834 τοῦ
1389 1788 1716 1845 Ἀγαμέμνονος
1747 1785 1933 1844 μητέρα,

244 1849 302 1906 ἣν
336 1848 359 1894 ὃ
397 1850 516 1906 ἀνὴρ
558 1850 701 1905 αὐτῆς
734 1847 914 1904 Ἀτρεὺς
959 1849 1292 1907 μοιχευομένην
1331 1850 1486 1907 λαβὼν
1523 1852 1586 1908 τῷ
1625 1845 1934 1904 ἀνδραδέλφῳ

245 1909 387 1965 αὐτῆς
423 1908 601 1966 Θυέστῃ
634 1909 699 1959 εἰς
728 1908 976 1953 θάλασσαν
1011 1909 1201 1965 ἔρριψεν
1235 1908 1347 1953 Ma²

363 1968 447 2041 τῂν
478 1967 676 2026 τηθίδα]
709 1968 794 2025 τὴν
831 1976 914 2013 τοῦ
948 1967 1159 2018 Πέλοπος
1196 1975 1398 2024 γυναῖκα
1423 1965 1760 2023 Ιπποδαμειαν
1799 1963 1932 2022 λέγει.

245 2028 325 2071 καὶ
357 2026 471 2084 αύτη
504 2028 592 2084 γὰρ
626 2027 886 2085 ἐμοιχεύετο
918 2031 981 2088 τῷ
1005 2025 1240 2087 Μυρτίλῳ.
1275 2027 1387 2072 Ma²

367 2137 389 2175 1
427 2132 502 2176 διὸ
534 2132 779 2176 LaViOcm
814 2135 820 2188 Ι
857 2132 913 2188 δη
947 2132 1001 2174 Η
1009 2131 1067 2174 Va
1101 2134 1106 2187 Ι
1141 2132 1536 2186 προκινδυνεῦσαι
1571 2131 1658 2173 Μα
1690 2128 1771 2172 sed
1804 2135 1854 2171 εῦ
1886 2127 1936 2170 in
2007 2149 2015 2194 Δ·

247 2264 319 2292 ras
351 2250 421 2292 m³
447 2251 455 2306 Ι
481 2198 569 2294 τὲἴ
595 2197 898 2306 δυσμενῧυςῘΤι·
1019 2255 1043 2293 2
1077 2247 1223 2307 μέγαν
1257 2251 1390 2293 Lam·
1510 2252 1534 2291 3
1565 2255 1628 2291 τῶ
1663 2248 1762 2292 Can
1796 2249 1802 2297 1
1838 2244 1935 2306 ὥρᾳ

249 2309 414 2365 scripsi
447 2323 471 2352 e
503 2311 717 2354 LaLaur
789 2307 885 2363 ὥρα
916 2294 1087 2365 reliqui
1118 2308 1227 2352 libri
1260 2308 1350 2352 edd
1393 2310 1398 2364 Ι
1443 2305 1540 2351 ἀλλ’
1575 2320 1649 2350 0111
1683 2308 1817 2350 Lam·

250 2374 276 2410 4
301 2366 495 2424 Ελένην
526 2369 629 2412 Μο1·
655 2371 660 2424 Ι
687 2366 872 2423 τρόπων
898 2394 952 2401 -
979 2373 1003 2410 6
1037 2366 1285 2424 μεμίμηται
1325 2367 1441 2411 citat
1478 2365 1746 2422 praemissis
1785 2363 1936 2407 verbis
2010 2367 2011 2371 ’

250 2427 446 2482 ἐδήλωσε
478 2427 529 2471 δὲ
554 2427 781 2501 Λιβανιος
812 2426 1053 2484 ἀμφότερα
1086 2428 1135 2471 ἐν
1167 2435 1220 2485 τῇ
1245 2443 1328 2470 του
1354 2424 1585 2484 Ἀχιλλέως
1610 2421 1838 2484 ἀπολογίᾳ
1868 2421 1937 2466 λέ·
1990 2453 2026 2470 2,

251 2503 345 2542 γων
375 2488 479 2542 περὶ
511 2492 593 2543 τῆς
624 2493 706 2531 τοῦ
734 2484 1066 2543 Ἀγαμέμνονος
1095 2483 1332 2542 θυγατρός
1363 2485 1563 2528 Thomas
1596 2483 1656 2526 M.
1690 2499 1734 2539 p.
1763 2486 1863 2535 359,
1882 2485 1938 2524 10

251 2560 284 2588 s.
308 2560 350 2588 v.
375 2544 518 2602 τίθην
546 2549 552 2602 Ι
579 2554 641 2590 τῶ
673 2544 828 2601 τρόπω
855 2547 955 2590 Gan
1014 2543 1169 2600 τρόπω
1202 2546 1260 2588 Vi
1287 2547 1292 2601 Ι
1321 2543 1517 2600 ἤσκησεν
1550 2544 1607 2587 Vi
1727 2546 1752 2585 5
1784 2515 1940 2596 τήθην

251 2605 414 2660 scripsi
447 2618 502 2647 ex
533 2605 588 2648 Η
597 2606 962 2649 ΡἼῑῙαΖαανΟαη
994 2604 1086 2647 coll
1108 2606 1142 2648 t.
1167 2604 1210 2647 ΙΙ
1234 2609 1405 2657 559,11
1441 2617 1546 2646 cum
1575 2601 1784 2645 Iacobsio
1816 2599 1939 2642 Phil.
1995 2638 2005 2661 ¹.

252 2668 337 2707 298
398 2663 553 2719 τηθὴν
586 2666 660 2708 La
720 2662 863 2720 τίθην
905 2665 1007 2707 ViB
1040 2663 1186 2707 Thom
1219 2663 1310 2706 edd
1337 2664 1344 2720 Ι
1370 2659 1548 2718 τηθίδα
1583 2660 1748 2716 scripsi
1780 2672 1805 2702 c
1838 2659 1938 2703 Can
1994 2671 2006 2711 ,j

253 2737 357 2766 cum
388 2723 599 2766 Iacobsio
675 2740 730 2779 τη
732 2723 878 2767 τθίδα
910 2724 965 2767 Η
1034 2723 1247 2778 τητθύὸα
1289 2723 1332 2765 V
1399 2719 1589 2764 τιτθίδα
1628 2718 1797 2774 reliqui
1827 2717 1937 2760 libri
1996 2735 2000 2765 5

253 2782 344 2825 edd
403 2780 569 2825 τιθίδα
600 2782 748 2826 Thom
869 2786 895 2824 8
929 2781 1057 2840 εὐχῇ]
1089 2781 1172 2824 τὸν
1205 2782 1339 2825 Lam·
1379 2781 1387 2836 Ι
1429 2779 1561 2834 λιμὸν
1601 2777 1765 2834 scripsi
1800 2790 1855 2820 ex
1887 2776 1946 2819 H

260 2841 491 2885 VLaViB
525 2841 626 2884 coll.
653 2844 685 2884 t.
712 2841 754 2884 Π
778 2845 878 2894 545,
898 2846 952 2883 15
1013 2840 1174 2897 λοιμὸν
1212 2839 1381 2894 reliqui
1419 2838 1528 2881 libri
1565 2837 1654 2880 edd
1687 2836 1767 2880 sed
1805 2835 1938 2890 λιμὸν

254 2900 357 2944 coni
388 2899 489 2943 Mor
512 2900 556 2942 N
559 2903 608 2944 ot
637 2900 715 2943 fol.
743 2900 767 2942 f
784 2899 846 2942 III
881 2901 887 2956 Ι
923 2900 1080 2944 ἔλυσεν
1111 2899 1275 2955 scripsi
1309 2912 1364 2941 ex
1386 2897 1440 2940 H
1449 2894 1939 2941 VLaMaBLaeran

313 2957 520 3003 διέλυσεν
561 2960 618 3003 Vi
646 2959 713 3001 Re
742 2961 748 3015 ξ
775 2966 866 3003 τῶν
899 2972 973 3001 0111
1008 2959 1106 3002 Can
