2054 3192
236 90 305 142 10
729 87 958 131 LIBANII
989 87 1380 132 DECLAMATIO
1412 88 1434 131 Ι

232 230 397 292 Atque
436 231 490 277 in
530 230 557 277 b
598 228 800 290 quidem
840 228 1109 290 archetypo
1150 228 1373 276 codicum
1415 229 1655 276 secundae
1701 229 1921 277 familiae

232 304 582 366 quaterniones
601 302 777 365 quibus
794 303 1011 349 maxima
1034 317 1149 364 pars
1177 302 1551 350 declamationis
1576 302 1924 351 continebatur

231 377 496 440 perierant,
530 392 642 424 cum
674 376 869 423 saeculo
901 376 946 423 X
979 376 1039 423 ab
1071 374 1135 436 A,
1168 376 1366 424 saeculo
1399 371 1598 441 XIJXH
1629 379 1678 424 et
1708 376 1794 424 ubi
1832 378 1922 425 hoc

235 451 579 515 apographum
617 450 769 512 periit
807 452 989 498 iterum
1029 450 1222 498 saeculo
1261 450 1380 497 XIV
1413 466 1442 497 a
1477 450 1518 499 Ο
1553 450 1923 512 describeretur,

231 541 330 588 quo
364 526 555 573 factum
587 526 662 572 est
692 527 750 571 ut
787 525 841 571 in
872 525 1085 586 utroque
1119 524 1283 572 codice
1315 523 1515 571 initium
1547 527 1794 586 superstes
1826 525 1923 573 fine

234 599 345 647 folii
378 599 594 659 desinat,
626 614 742 660 pars
772 598 971 646 residua
1004 598 1190 661 epilogi
1221 613 1250 645 a
1283 613 1411 646 novo
1443 598 1577 659 folio,
1609 598 1662 645 in
1692 597 1741 645 A
1773 600 1923 646 etiam

233 689 263 720 a
303 689 432 721 novo
482 672 828 734 quaternione,
875 673 1099 734 incipiat.
1166 671 1289 720 Cum
1335 674 1503 719 autem
1551 672 1700 720 codex
1747 673 1933 734 prioris.

230 747 452 795 familiae
485 762 610 809 quae
637 746 900 794 secundam
923 745 1019 793 fide
1051 747 1102 792 in
1129 747 1412 794 universum
1438 748 1638 807 superat
1661 748 1860 808 praeter
1886 746 1928 795 G

234 824 284 869 et
308 820 350 869 A
381 837 480 869 non
505 822 677 882 exstet,
701 847 774 852 —
798 836 914 867 nam
937 820 1199 868 Palatinus
1219 821 1341 881 282,
1364 819 1639 868 Vaticanus
1666 821 1787 880 939,
1810 820 1921 868 Pat-

231 896 378 956 mius,
396 894 704 942 Monacensis
727 896 825 942 101
850 909 959 941 eam
982 910 1081 941 non
1107 894 1360 942 continent
1383 921 1457 926 —
1480 895 1625 942 facile
1652 894 1927 956 explicatur

231 969 367 1017 haud
397 985 608 1031 parvum
639 984 901 1015 numerum
942 983 1045 1016 esse
1083 968 1305 1016 locorum
1346 968 1432 1029 qui
1469 968 1632 1015 labem
1673 970 1926 1016 contraxe-

231 1046 365 1104 runt,
396 1044 690 1105 praesertim
722 1058 834 1090 cum
866 1042 1030 1090 nullus
1058 1042 1208 1090 codex
1241 1042 1462 1090 familiae
1495 1042 1736 1090 secundae
1763 1045 1925 1090 aetate

231 1118 485 1166 saeculum
525 1117 765 1164 decimum
806 1116 1014 1164 tertium
1055 1116 1269 1164 excedat.
1331 1116 1468 1164 Inter
1505 1116 1594 1164 hos
1633 1119 1801 1164 autem
1831 1117 1927 1164 Ma

232 1194 282 1240 et
307 1190 405 1239 Ath
437 1191 639 1253 propius
672 1206 701 1237 a
734 1190 897 1252 priore
929 1191 1125 1237 familia
1151 1193 1286 1238 stant
1315 1206 1464 1252 quam
1497 1190 1691 1252 UVaB,
1723 1192 1927 1252 propius

240 1267 291 1315 U
317 1282 466 1328 quam
508 1265 647 1326 VaB,
678 1265 883 1327 propius
926 1265 1000 1313 Va
1032 1280 1183 1326 quam
1213 1265 1278 1312 B.

344 1339 478 1396 Quae
513 1354 626 1386 cum
657 1339 731 1386 ita
764 1338 879 1399 sint,
911 1339 1064 1386 etiam
1094 1338 1255 1402 magis
1281 1338 1547 1386 dolendum
1578 1341 1667 1398 est,
1700 1338 1847 1400 quod,
1871 1340 1927 1385 ut

231 1429 382 1476 supra
407 1413 800 1472 commemoravi,
832 1429 893 1459 ne
918 1428 1046 1460 unus
1074 1412 1272 1475 quidem
1297 1413 1437 1461 locus
1465 1411 1839 1461 declamationis
1865 1412 1926 1461 ab

232 1488 344 1535 aliis
387 1487 671 1535 auctoribus
703 1487 939 1534 laudatus
972 1489 1058 1535 est.

345 1562 405 1609 In
420 1562 578 1609 lucem
599 1577 707 1608 eam
723 1562 913 1623 primus
930 1560 1176 1622 protraxit
1193 1576 1322 1607 anno
1345 1561 1484 1608 1606
1505 1559 1621 1609 Fed.
1639 1560 1928 1608 Morellus

230 1637 338 1684 Lib.
358 1652 468 1698 opp.
485 1638 522 1684 t.
536 1635 624 1697 Ip.
638 1635 927 1683 635—688
947 1627 1186 1702 (=Mor)
1207 1650 1231 1681 e
1250 1634 1414 1683 codice
1430 1633 1657 1682 Parisino
1676 1651 1745 1698 gr.
1768 1635 1927 1695 3014,

230 1710 282 1757 id
309 1710 439 1772 quod
462 1709 755 1758 lectionibus
783 1708 904 1770 ipsis
929 1709 1187 1771 utriusque
1221 1708 1415 1756 collatis
1442 1710 1630 1756 certum
1653 1707 1711 1755 fit
1723 1701 1781 1773 1),
1814 1724 1924 1755 cum

232 1784 466 1832 Morellus
499 1784 551 1830 in
582 1782 891 1845 praefatione
918 1783 976 1831 de
1002 1783 1141 1831 libris
1167 1781 1228 1830 ab
1254 1782 1362 1843 ipso
1389 1781 1624 1830 adhibitis
1649 1782 1769 1829 haec
1794 1783 1928 1829 attu-

231 1859 347 1906 lisse
395 1858 518 1906 satis
565 1857 818 1905 habuerit:
867 1871 953 1904 cur
1002 1859 1189 1917 reyium
1229 1850 1523 1923 (Libanium
1556 1849 1714 1918 tuum)
1751 1856 1927 1903 vocas?

231 1947 391 1980 nonne
424 1947 479 1980 eoe
510 1932 807 1979 dedicatoria
837 1933 1084 1991 superiore
1109 1934 1150 1978 et
1172 1930 1583 1991 hendecasyllabis
1605 1931 1783 1977 nostris
1806 1931 1926 1977 satis

234 2009 421 2054 constat
442 2006 612 2066 plures
645 2008 849 2053 vetustos
886 2004 1032 2053 Oodd.
1065 2019 1212 2053 mnse.
1248 2019 1303 2052 em
1325 2004 1625 2052 Bibliotheca
1649 2004 1765 2064 Rey.
1789 2004 1927 2051 nobis

230 2081 559 2140 suppeditatas
582 2080 735 2139 fuisse
759 2095 790 2127 a
809 2080 994 2127 clariss.
1022 2081 1124 2127 eius
1150 2079 1423 2126 custodibus
1449 2081 1491 2125 et
1512 2077 1927 2125 moderatoribus?

230 2155 360 2201 unde
411 2157 475 2201 tot
519 2168 646 2201 nova
683 2154 1178 2213 praeexercitamenta
1227 2155 1269 2200 et
1304 2153 1694 2200 Declamationes
1733 2151 1927 2210 aliaque

231 2229 413 2288 scripta
443 2228 672 2276 hactenus
703 2224 956 2289 ἀνέκδοτα,
989 2228 1239 2286 desumpta
1269 2229 1385 2274 sunt
1418 2227 1618 2285 exeeptis
1642 2223 1926 2272 Actionibus

233 2302 523 2360 quibusdam
555 2302 887 2348 Demosthenis
916 2302 1108 2348 nomine
1129 2301 1416 2360 praetextis,
1457 2314 1666 2359 quarum
1711 2299 1924 2357 exempla

233 2389 289 2422 ex
310 2378 584 2434 pervetusto
614 2374 727 2424 Cod.
751 2389 897 2422 mnsc.
925 2389 1063 2433 quem
1093 2375 1230 2422 nobis
1262 2374 1523 2422 liberaliter
1548 2374 1773 2420 concessit
1793 2371 1842 2420 Ο.
1871 2371 1923 2418 V.

232 2449 305 2495 Io,
349 2449 550 2496 Veillart
589 2449 703 2508 Rey.
742 2447 880 2496 GonS.
916 2452 958 2496 et
987 2449 1279 2508 Loyorthota
1316 2462 1402 2495 seu
1445 2446 1692 2495 Ocri-ector
1729 2446 1924 2492 ordina-

231 2524 338 2570 rius
370 2524 423 2570 in
453 2522 721 2569 Rationum
751 2522 867 2582 Rey.
906 2521 1113 2570 Camera
1153 2523 1202 2569 et
1239 2521 1292 2568 in
1323 2521 1526 2569 Notatis
1566 2519 1630 2567 ad
1660 2518 1925 2566 Libanimn

233 2611 360 2658 quae
391 2597 582 2643 textum
623 2595 922 2642 antecedunt
953 2596 985 2643 f.
1011 2594 1109 2642 VII
1141 2595 1204 2642 ad
1235 2594 1371 2642 Decl.
1396 2593 1577 2641 XXIX:
1616 2593 1683 2640 In
1713 2591 1925 2640 Socratis

232 2668 473 2729 Apoloyia
510 2670 651 2716 unico
692 2672 879 2716 tantum
922 2670 1067 2716 veteri
1105 2682 1252 2716 mnsc.
1284 2668 1400 2728 Rey.
1442 2668 1502 2715 ab
1550 2668 1746 2724 antiquo
1785 2683 1923 2729 ταχυ·

233 2742 408 2812 γρσάφῳ
439 2757 537 2790 non
568 2745 668 2790 tam
700 2745 921 2790 accurate
953 2746 996 2790 et
1026 2744 1253 2803 eastiyate
1291 2756 1438 2802 quam
1479 2739 1688 2800 expedite
1729 2742 1924 2787 exarato

354 2898 397 2953 1)
431 2895 498 2941 cf.
517 2911 634 2952 quae
654 2896 752 2939 dixi
776 2896 825 2939 in
842 2895 1076 2940 Deutsche
1099 2894 1547 2951 Litteraturzeitung
1572 2898 1685 2938 1892
1705 2893 1790 2938 col.
1808 2897 1909 2937 496.
