2026 3192
164 1054 207 1085 10

164 1501 204 1534 15

230 99 341 152 494
712 99 942 143 LIBANII
972 100 1364 145 DECLAMATIO
1396 101 1439 144 X
1476 113 1478 115 ·

230 237 332 304 τὴν
371 236 463 288 διὰ
513 236 737 288 πάντων
785 234 913 306 παρ’
959 236 1146 299 αὐτοῖς
1192 238 1563 306 σωφροσύνην
1614 240 1919 309 ζητοῦντες;

231 325 610 394 διαγράψομεν
657 326 761 394 ἄρα
814 326 916 393 τὴν
970 327 1304 394 συγγνώμην
1353 326 1494 388 ὅλως
1539 335 1654 388 τοῖς
1699 327 1770 395 μὴ
1820 327 1922 380 οὐκ

231 413 525 483 αἰτοῦσιν[,
563 415 635 476 ὡς
676 414 777 466 οὐκ
817 412 940 476 ἐξὸν
979 415 1297 483 λαμβάνειν,
1351 424 1466 477 τοῖς
1505 413 1603 484 ὃ’],
1643 415 1728 468 ὅτι
1768 419 1922 484 χαλε-

229 511 344 564 πῶς
384 504 591 571 ἔχομεν.

346 591 428 644 19.
460 594 711 659 Νεοκλῆς
742 588 843 658 μὲν
875 588 996 659 οὖν,
1029 589 1071 645 ὦ
1105 592 1304 662 ἄνδρες
1329 591 1627 661 Ἀθηναῖοι,
1659 596 1923 663 κρείττων

231 677 367 732 ἔστω
408 688 502 749 τῆς
541 680 900 749 ἀνθρωπίνης
947 682 1190 750 φύσεως,
1236 682 1411 750 πάσης
1457 682 1632 744 αἰτίας
1676 683 1924 751 καθαρὸς

229 769 318 821 καὶ
353 769 499 822 ὅσων
529 770 789 836 βούλεται
817 780 968 831 παῖς·
999 769 1156 837 ὑμεῖς
1181 767 1412 838 δὲὺμᾶς
1445 770 1647 833 αὐτοὺς
1683 770 1922 840 ἀναμνή-

232 871 359 910 σατε
398 867 509 910 τῶν
549 857 636 910 ἐπὶ
675 866 769 926 τῆς
808 860 1062 926 νεότητος
1100 856 1292 927 ἔργων.
1335 857 1450 911 ἀλλ’
1498 859 1601 911 οὐκ
1640 859 1922 928 ἐμισεῑσθε

229 946 336 999 ὑπὸ
376 955 488 998 τῶν
526 946 737 1014 γονέων
777 946 896 1000 οὐδ’
935 945 1306 1016 ἐξηλαύνεσθε
1344 957 1457 1000 τῶν
1487 945 1755 1020 πατρῴων
1794 946 1914 1001 οὐδ’

230 1034 519 1102 ἐγίγνεσθε
567 1035 770 1106 ῥαδίως
815 1045 927 1088 τῶν
971 1038 1382 1104 γεγεννηκότων
1429 1036 1723 1106 ἀλλότριοι.
1780 1042 1924 1089 θαυ-

227 1125 373 1190 μάζω
408 1121 468 1176 δὲ
501 1125 548 1177 εἰ
579 1126 855 1194 μεθύουσι
887 1122 989 1194 μὲν
1028 1124 1350 1194 ἀνθρώποις
1383 1123 1495 1196 [καὶ
1528 1124 1921 1194 λυπουμένοις]

229 1211 320 1265 καὶ
375 1213 756 1282 θυμουμένοις
817 1216 966 1266 ἔσται
1030 1215 1327 1283 συγγνώμη
1388 1218 1766 1283 πλημμελοῦσι
1830 1215 1923 1266 διὰ

230 1302 442 1354 τούτων
481 1300 729 1370 ἕκαστον,
769 1311 831 1372 τῇ
872 1305 1085 1371 νεότητι
1126 1303 1188 1356 δὲ
1220 1303 1321 1356 οὐκ
1352 1301 1503 1356 ἔσται
1534 1302 1667 1372 <ἐν>
1696 1305 1921 1373 μεγίστῃ

231 1410 292 1457 γε
332 1391 469 1460 οὔσῃ
510 1390 655 1461 με’θῃ
694 1389 787 1444 καὶ
828 1391 1157 1461 ἰσχυροτάτῃ
1196 1393 1331 1444 κατὰ
1371 1393 1470 1446 τὸν
1517 1391 1699 1460 ἀληθῆ
1740 1393 1921 1460 λόγον.

345 1480 431 1532 20.
466 1481 845 1549 Κηδόμενος
883 1481 1002 1550 γὰρ
1044 1487 1187 1548 σοῦ,
1221 1495 1410 1549 φησιν,
1448 1480 1921 1549 ἀπεκήρυττον,

231 1569 398 1631 ὅπως
452 1568 674 1636 γένοιό
728 1589 836 1637 μοι
892 1572 1182 1638 βελτίων.
1245 1568 1350 1622 καὶ
1411 1571 1475 1621 τί
1528 1566 1595 1621 δὲ
1643 1569 1923 1638 ἀδίκημα

231 1661 670 1727 σωφρονίζειν
731 1659 902 1727 υίόν;
965 1657 1157 1732 οὐδέν,
1220 1657 1338 1710 ἀλλ’
1399 1659 1560 1726 εἰσίν,
1620 1655 1661 1711 ὦ
1725 1658 1924 1726 ἄνδρες

229 1745 534 1814 Ἀθηναῖοι,
572 1748 768 1801 πολλοὶ
807 1749 1004 1817 τρόποι
1042 1755 1206 1800 τοῦτο
1252 1755 1542 1809 ποιοῦντες
1587 1746 1927 1816 ἡμερώτεροί

230 1854 288 1887 τε
328 1835 709 1904 ἀποκηρύξεως
755 1836 846 1888 καὶ
892 1837 1051 1902 μείζω
1092 1836 1195 1904 τὴν
1234 1835 1508 1904 ὠφέλειαν
1553 1833 1783 1905 ἔχοντες.
1840 1827 1923 1896 οἷς

231 1925 386 1993 ὑμεῖς
424 1924 696 1994 κέχρησθε
734 1925 872 1992 πρὸς
910 1926 1040 1986 τοὺς
1077 1924 1374 1994 ὑμετέρους
1421 1925 1618 1977 αὐτῶν.
1659 1923 1775 1977 ἐἰσὶ
1821 1920 1923 1992 μὲν

350 2046 376 2084 2
417 2040 740 2097 ὃιαγράψομεν
780 2040 944 2096 scripsi
977 2056 1000 2083 e
1033 2043 1079 2085 Β
1140 2040 1462 2098 διαγράφομεν
1497 2041 1671 2085 GILau
1732 2038 1923 2095 διαγρά-

230 2110 394 2157 ψωμεν
426 2101 469 2144 L
501 2101 582 2143 sed
616 2109 869 2156 ιαγραψωμ
907 2100 957 2143 in
987 2114 1062 2143 ras
1094 2099 1176 2154 ΜΣ,
1212 2100 1302 2143 edd
1353 2103 1358 2156 Ι
1411 2097 1524 2151 ὅλως
1562 2099 1727 2155 scripsi
1760 2112 1784 2142 e
1819 2099 1862 2141 B

233 2158 368 2203 ὁλωσὶ
402 2160 593 2204 CLLau
625 2159 715 2202 edd
785 2159 951 2202 οὑτωσὶ
976 2161 1011 2203 Ι
1054 2164 1059 2214 l
1109 2160 1192 2214 μὲν
1226 2159 1310 2203 οὐκ
1342 2160 1551 2203 αἰτοῦσιν
1578 2159 1615 2203 C
1683 2165 1796 2201 πᾶσι
1826 2163 1923 2206 τοῖς

231 2218 315 2274 μὲν
339 2218 383 2261 L
414 2218 495 2262 sed
519 2225 633 2262 πᾶσι
657 2219 707 2261 in
731 2232 806 2261 ras
830 2217 913 2271 m2,
940 2219 1030 2262 edd
1153 2223 1179 2261 3
1212 2219 1272 2268 ὡς
1296 2219 1382 2262 οὐκ
1406 2218 1510 2271 ἐξὸν
1534 2216 1801 2277 λαμβάνειν,
1825 2222 1922 2266 τοῖς

232 2275 279 2322 δ’
299 2278 349 2320 in
377 2291 510 2334 marg
526 2277 594 2321 L²
610 2277 701 2320 edd
763 2290 838 2320 om
859 2277 1080 2322 OBILau
1141 2276 1397 2320 cancellavi
1460 2276 1574 2327 ὅλως
1595 2284 1692 2327 τοῖς
1707 2282 1823 2320 πᾶσι
1840 2276 1923 2317 aut

232 2332 266 2380 ὦ
299 2339 435 2381 λῶστε
466 2343 563 2387 τοῖς
593 2344 708 2380 πᾶσι
740 2336 843 2379 coni
874 2336 941 2379 Re
1063 2341 1088 2379 6
1123 2336 1248 2381 ἔσται
1275 2337 1311 2380 C
1346 2338 1352 2392 Ι
1391 2334 1692 2391 ἀνθρωπείας
1725 2336 1762 2380 C
1796 2338 1802 2391 Ι
1841 2333 1921 2377 καὶ

232 2398 341 2439 ante
365 2395 517 2452 πάσης
543 2395 581 2439 C
700 2401 722 2438 7
759 2393 866 2439 ὅσον
893 2395 931 2439 C
988 2391 1052 2439 ὧν
1077 2397 1122 2439 Β
1186 2394 1296 2439 οἴων
1329 2395 1432 2439 coni
1457 2394 1614 2438 Gasda
1689 2391 1791 2439 οἷον
1814 2393 1920 2452 βού-

231 2457 357 2499 λεται
386 2456 537 2498 παῖδα
570 2454 674 2498 coni
704 2455 865 2498 Iacobs
896 2455 1009 2498 Lech
1042 2459 1126 2498 119
1155 2456 1160 2511 Ι
1188 2462 1300 2505 παῖς
1323 2469 1399 2498 om
1423 2455 1457 2497 I
1571 2458 1595 2496 9
1629 2454 1738 2498 οὐδὲ
1767 2454 1921 2496 BLau

353 2519 408 2556 10
438 2511 649 2571 ἐγίνεσθε
666 2516 701 2558 Ι
721 2516 725 2570 Ι
753 2513 980 2569 θαυμάζω
999 2540 1053 2545 -
1076 2518 1129 2557 13
1154 2511 1290 2569 λόγον
1323 2513 1440 2557 citafi
1463 2513 1622 2557 Macar
1645 2512 1803 2556 f01861·

237 2577 287 2616 11
322 2572 580 2628 μεθύουσιν
607 2573 644 2616 C
682 2576 687 2627 Ι
730 2571 813 2629 μὲν
845 2587 919 2616 om
947 2572 984 2616 G
1021 2575 1027 2628 Ι
1073 2573 1153 2616 καὶ
1184 2571 1487 2629 λυπουμένοις
1520 2574 1736 2628 suspecta
1765 2570 1840 2614 vel
1870 2570 1920 2612 in

233 2632 313 2675 καὶ
343 2634 539 2675 λυποῦσι
568 2632 796 2675 mutanda
827 2632 931 2675 coni
963 2630 1120 2674 Gasda
1179 2634 1234 2674 ut
1265 2631 1634 2688 dittographiam
1667 2628 1921 2674 cancellavi

354 2696 405 2734 11
432 2689 748 2746 θυμουμένοις
772 2691 848 2734 καὶ
874 2689 1179 2746 λυπουμένοις
1195 2692 1229 2734 Ι
1250 2693 1256 2747 Ι
1284 2693 1560 2747 πλημελοῦσι
1577 2692 1620 2734 L
1743 2694 1796 2731 13
1815 2687 1920 2732 ἑκά-

234 2763 351 2793 στων
375 2751 409 2792 Ι
430 2752 436 2804 Ι
464 2751 513 2794 ἐν
546 2750 718 2792 inserui
788 2764 861 2793 om
894 2749 1002 2793 libri
1035 2749 1125 2824 eqd
1256 2754 1310 2793 15
1343 2749 1429 2805 γάρ
1463 2764 1545 2794 σου
1570 2750 1615 2792 Β
1749 2752 1801 2790 17
1837 2761 1920 2790 σω-

1046 2825 1115 2858 οις
1616 2825 1644 2863 η

235 2870 440 2923 φρονίζει
465 2869 493 2909 Ι
518 2868 524 2924 1
553 2866 656 2911 υἱόν
689 2881 764 2910 om
787 2869 821 2910 Ι
950 2871 1003 2910 19
1044 2866 1125 2917 οὓς
1159 2868 1195 2912 Ο
1253 2866 1334 2917 οὓς
1357 2869 1390 2910 Ι
1521 2871 1575 2910 20
1614 2867 1743 2922 ὑμεῖς
1766 2866 1876 2909 Lau
1911 2865 1914 2920 ξ

235 2925 462 2982 κέχρησθε
495 2926 658 2982 scripsi
691 2929 878 2970 aucbore
912 2926 1066 2969 Gasda
1128 2924 1379 2983 ἐκέχρησθε
1411 2926 1518 2969 libri
1548 2925 1638 2969 edd
1666 2930 1671 2983 Ι
1699 2924 1853 2968 αὐτῶν
1888 2922 1925 2967 G
