2026 3192
1033 740 1115 787 XI.

342 865 650 913 Declamatio
682 865 924 928 inscripta
949 859 1002 913 ‘O
1032 865 1238 927 Κίμων
1271 865 1450 914 αἰτῶν
1491 863 1635 930 ὑπὲρ
1674 874 1775 915 τοῦ
1816 884 1923 915 πα-

230 937 364 1003 τρὸς
396 938 654 1002 δεθῆναι
687 955 786 1000 qua
810 938 985 987 Cimon
1011 939 1073 987 ab
1097 939 1481 988 Atheniensibus
1506 942 1635 1003 petit
1657 943 1714 988 ut
1737 941 1922 997 Miltia,-

231 1013 306 1061 dis
353 1014 459 1060 loco
506 1015 558 1060 in
598 1014 798 1061 vincula
837 1008 1190 1079 coniciatur¹)‚
1230 1030 1531 1076 quamquam
1570 1017 1620 1062 in
1658 1015 1922 1082 nonnullas

227 1081 424 1150 ’eclogas
456 1089 656 1149 recepta
689 1090 778 1148 est,
810 1104 908 1136 non
939 1089 1015 1136 ita
1046 1088 1315 1136 multorum
1348 1089 1468 1136 tulit
1499 1089 1741 1149 plausum.
1805 1088 1922 1137 Par-

229 1176 319 1208 vus
350 1162 506 1225 igitur
535 1171 767 1209 numerus
801 1164 876 1210 est
908 1162 1132 1210 codicum
1165 1162 1342 1224 quibus
1369 1163 1432 1210 ad
1456 1165 1677 1211 nostram
1709 1166 1922 1211 aet-atem

227 1235 475 1297 pervenit3
507 1237 693 1284 vetusti
723 1237 913 1284 desunt.
979 1235 1279 1298 Superstites
1314 1239 1479 1284 autem
1512 1239 1626 1284 sunt
1657 1237 1710 1283 hi
1746 1239 1834 1298 17:
1896 1259 1902 1280 -,

344 1320 387 1364 1.
424 1316 908 1366 Vindobonensis
940 1317 1161 1366 Philos.
1195 1321 1244 1366 et
1282 1318 1498 1366 Philol.
1524 1318 1595 1365 IV
1623 1319 1690 1366 82
1725 1312 1805 1384 (=
1835 1313 1920 1383 Vi)

229 1406 353 1438 saec.
378 1391 494 1438 XIV
527 1392 611 1442 fol.
641 1394 723 1441 29.
786 1392 914 1439 Vide
949 1408 1100 1454 supra
1130 1409 1176 1454 p.
1207 1394 1309 1440 169
1329 1408 1400 1453 sq.
1465 1391 1676 1440 Contuli.

241 1510 243 1513 ,
284 1474 388 1522 2.
437 1472 811 1522 Monacensis
859 1490 929 1536 gr.
967 1475 1071 1521 113
1114 1467 1195 1538 (=
1218 1467 1326 1539 Mo)
1367 1489 1490 1522 saec.
1524 1473 1639 1521 XVI
1680 1474 1764 1522 fol.
1799 1477 1919 1533 211.

229 1543 356 1594 Vide
386 1548 421 1594 t.
447 1547 472 1593 I
502 1564 550 1608 p.
577 1549 681 1595 413
701 1563 773 1609 sq.
828 1546 1118 1609 Descriptus
1142 1550 1218 1596 est
1241 1564 1267 1594 e
1291 1547 1676 1610 Vindobonensi.
1713 1549 1752 1595 E
1778 1547 1922 1620 parte

231 1621 429 1667 contuli.
1902 1626 1904 1631 “

345 1703 390 1749 3.
430 1702 658 1750 Athous
699 1702 928 1750 Laurae
962 1703 1014 1750 Ω
1051 1704 1153 1750 123
1196 1719 1318 1751 saec.
1344 1703 1466 1750 XIII
1498 1703 1582 1751 fol.
1613 1699 1756 1750 166(
1794 1704 1920 1751 Vide

230 1777 265 1821 t.
290 1774 315 1821 I
345 1792 391 1836 p.
420 1777 524 1824 323
545 1792 616 1838 sq.

343 1859 389 1904 4.
430 1857 753 1907 Vaticanus
794 1856 1238 1906 Ottobonianus
1283 1875 1354 1921 gr.
1383 1859 1450 1906 69
1485 1852 1919 1922 saee.XV1JXVII

231 1930 314 1977 fol.
345 1931 490 1979 17SV.
554 1932 680 1980 Vide
714 1935 747 1980 t.
773 1932 797 1979 I
828 1949 873 1994 p.
903 1934 1008 1980 222
1027 1947 1097 1994 sq.

344 2013 388 2059 5.
430 2013 799 2062 Barberinus
823 2013 876 2061 Π
900 2015 966 2061 41
1003 2030 1135 2062 nunc
1166 2013 1439 2062 Vaticanus
1474 2009 1554 2080 (==
1580 2007 1646 2079 B)
1680 2029 1803 2062 saec.
1829 2013 1920 2060 XV

229 2085 314 2132 fol.
343 2087 486 2134 319³<
520 2086 645 2134 Vide
670 2090 705 2136 t.
730 2088 755 2135 I
778 2105 823 2149 p.
847 2089 914 2134 24
933 2103 1002 2149 sq.
1039 2086 1348 2135 Contulimus
1375 2104 1463 2151 ego
1490 2091 1540 2134 et
1564 2088 1682 2135 Pius
1707 2087 1921 2134 Franchi

231 2159 290 2207 de
324 2158 609 2209 Cavaleriis.

352 2336 396 2380 1)
430 2331 620 2375 Summa
652 2332 916 2388 argumenti
947 2332 1057 2375 ficta
1089 2333 1160 2375 est
1191 2331 1407 2375 similiter
1439 2333 1580 2386 atque
1605 2330 1730 2387 apud
1763 2330 1920 2373 Vale-

231 2388 374 2432 rium
405 2389 707 2433 Maximum
739 2390 780 2433 V
812 2395 838 2433 4
872 2392 959 2435 ext.
988 2395 1012 2433 2
1047 2392 1119 2434 Ne
1150 2396 1190 2435 te
1221 2391 1413 2447 quidem,
1449 2390 1595 2444 Cimo,
1638 2390 1818 2434 silentio
1848 2391 1920 2432 in-

230 2449 420 2502 volvam,
453 2451 533 2504 qui
554 2451 687 2506 patri
717 2455 794 2493 tuo
825 2451 1106 2505 sepulturam
1137 2450 1411 2494 voluntariis
1441 2450 1637 2494 vim-ulis
1667 2463 1804 2493 emere
1826 2462 1920 2492 uon

233 2508 455 2552 dubitasti
487 2511 534 2551 et
567 2507 989 2560 Quintilianum
1022 2508 1214 2552 declam.
1242 2513 1326 2552 302
1359 2509 1439 2552 isti
1468 2514 1749 2552 accusatores
1779 2513 1821 2552 et
1845 2507 1918 2552 Ci-

231 2568 358 2610 mom‘
372 2567 444 2611 illi
460 2569 541 2623 qui
556 2570 710 2624 patris
733 2582 896 2625 corpus
919 2570 1092 2612 vicario
1115 2581 1296 2623 corpore
1315 2568 1513 2621 redemit,
1537 2568 1721 2611 crimini
1744 2567 1916 2610 darent.

232 2624 284 2667 In
315 2626 453 2669 rebus
485 2640 590 2669 vero
623 2626 819 2682 singulis
851 2626 1072 2670 Libanius
1100 2626 1388 2670 Herodotum
1419 2626 1569 2682 magis
1602 2640 1742 2680 quam
1766 2624 1920 2681 Epho-

232 2698 334 2726 rum
366 2684 439 2741 (cf.
473 2688 630 2729 tamen
661 2700 704 2741 p.
733 2690 834 2740 526,
853 2688 894 2742 9)
937 2688 1121 2729 secutus
1161 2687 1252 2739 est,
1297 2685 1385 2729 etsi
1423 2699 1515 2728 non
1554 2684 1681 2727 illius
1719 2684 1920 2741 vestigia

231 2745 478 2799 tantopere
501 2745 671 2800 pressit
695 2747 983 2801 quantopere
1002 2744 1240 2787 Choricius
1257 2743 1305 2786 in
1323 2744 1572 2787 tractanda
1597 2743 1739 2786 simili
1764 2756 1918 2797 causa,

232 2801 463 2845 Miltiadis
511 2803 800 2856 defensione,
841 2817 983 2859 quam
1022 2803 1070 2846 in
1107 2803 1262 2847 indice
1301 2803 1554 2846 lectionum
1600 2802 1918 2845 universitatis

232 2860 611 2905 Vratislaviensis
642 2876 726 2918 per
755 2862 958 2906 hiemem
990 2862 1100 2905 anni
1134 2862 1327 2920 1892s93
1361 2861 1682 2905 habendarum
1713 2860 1839 2904 edidi
1872 2862 1919 2903 et

233 2919 282 2962 in
316 2919 517 2964 Choricii
549 2934 741 2976 operum
774 2921 978 2964 editione
1010 2923 1232 2976 repetam.
