<?xml version="1.0" encoding="UTF-8"?>
<!DOCTYPE html PUBLIC "-//W3C//DTD XHTML 1.0 Transitional//EN"
    "http://www.w3.org/TR/xhtml1/DTD/xhtml1-transitional.dtd">
<html xmlns="http://www.w3.org/1999/xhtml" xml:lang="en" lang="en">
 <head>
  <title>
</title>
<meta http-equiv="Content-Type" content="text/html;charset=utf-8" />
  <meta name='ocr-system' content='tesseract 3.04.00' />
  <meta name='ocr-capabilities' content='ocr_page ocr_carea ocr_par ocr_line ocrx_word'/>
</head>
<body>
  <div class='ocr_page' id='page_1' title='image "./operarecensuitri05libauoft/operarecensuitri05libauoft_0377.png"; bbox 0 0 2026 3192; ppageno 0'>
   <div class='ocr_carea' id='block_1_1' title="bbox 659 128 1784 184">
    <p class='ocr_par' dir='ltr' id='par_1_1' title="bbox 659 128 1784 184">
     <span class='ocr_line' id='line_1_1' title="bbox 659 128 1784 184; baseline 0.009 -9"><span class='ocrx_word' id='word_1_1' title='bbox 659 129 907 175; x_wconf 85' lang='lat' dir='ltr'>ORESTIS</span> <span class='ocrx_word' id='word_1_2' title='bbox 937 128 1237 174; x_wconf 79' lang='lat' dir='ltr'>DEFENSIO</span> <span class='ocrx_word' id='word_1_3' title='bbox 1677 131 1784 184; x_wconf 86' lang='grc'><em>367</em></span> 
     </span>
    </p>
   </div>
   <div class='ocr_carea' id='block_1_2' title="bbox 88 267 1786 2420">
    <p class='ocr_par' dir='ltr' id='par_1_2' title="bbox 88 267 1786 558">
     <span class='ocr_line' id='line_1_2' title="bbox 91 267 1786 338; baseline -0.001 -19"><span class='ocrx_word' id='word_1_4' title='bbox 91 271 211 320; x_wconf 76' lang='lat' dir='ltr'><strong>sunt</strong></span> <span class='ocrx_word' id='word_1_5' title='bbox 246 270 561 333; x_wconf 78' lang='lat' dir='ltr'><strong>protheoriae</strong></span> <span class='ocrx_word' id='word_1_6' title='bbox 600 271 974 320; x_wconf 76' lang='lat' dir='ltr'><strong>declamationis</strong></span> <span class='ocrx_word' id='word_1_7' title='bbox 1011 270 1333 320; x_wconf 81' lang='lat' dir='ltr'><strong>Choricianae</strong></span> <span class='ocrx_word' id='word_1_8' title='bbox 1372 271 1591 321; x_wconf 78' lang='lat' dir='ltr'>Patrocli</span> <span class='ocrx_word' id='word_1_9' title='bbox 1623 267 1682 338; x_wconf 78' lang='lat' dir='ltr'><em>(t.</em></span> <span class='ocrx_word' id='word_1_10' title='bbox 1712 273 1786 320; x_wconf 93' lang='lat' dir='ltr'><em>IV</em></span> 
     </span>
     <span class='ocr_line' id='line_1_3' title="bbox 92 338 1786 411; baseline 0.001 -18"><span class='ocrx_word' id='word_1_11' title='bbox 92 345 177 407; x_wconf 84' lang='grc'><em>82,</em></span> <span class='ocrx_word' id='word_1_12' title='bbox 196 345 326 393; x_wconf 74' lang='grc' dir='ltr'><strong>2ΟΒ,</strong></span> <span class='ocrx_word' id='word_1_13' title='bbox 359 366 427 384; x_wconf 92' lang='lat'><strong><em>=</em></strong></span> <span class='ocrx_word' id='word_1_14' title='bbox 461 362 508 408; x_wconf 88' lang='lat' dir='ltr'><em>p.</em></span> <span class='ocrx_word' id='word_1_15' title='bbox 543 347 664 407; x_wconf 83' lang='lat'>242,</span> <span class='ocrx_word' id='word_1_16' title='bbox 687 348 751 394; x_wconf 83' lang='lat'>12</span> <span class='ocrx_word' id='word_1_17' title='bbox 794 338 977 411; x_wconf 85' lang='lat' dir='ltr'><em>Boiss.)</em></span> <span class='ocrx_word' id='word_1_18' title='bbox 1022 348 1072 393; x_wconf 76' lang='lat' dir='ltr'><em>ct</em></span> <span class='ocrx_word' id='word_1_19' title='bbox 1115 346 1281 409; x_wconf 79' lang='lat' dir='ltr'><strong>pergit</strong></span> <span class='ocrx_word' id='word_1_20' title='bbox 1323 361 1482 407; x_wconf 84' lang='lat' dir='ltr'><strong>usquo</strong></span> <span class='ocrx_word' id='word_1_21' title='bbox 1528 346 1591 394; x_wconf 85' lang='lat' dir='ltr'><em>ad</em></span> <span class='ocrx_word' id='word_1_22' title='bbox 1638 346 1786 394; x_wconf 85' lang='lat' dir='ltr'><strong>finem</strong></span> 
     </span>
     <span class='ocr_line' id='line_1_4' title="bbox 90 413 1785 487; baseline 0.001 -20"><span class='ocrx_word' id='word_1_23' title='bbox 90 417 274 483; x_wconf 81' lang='grc' dir='ltr'><em>ἰσχύειν</em></span> <span class='ocrx_word' id='word_1_24' title='bbox 301 417 355 468; x_wconf 91' lang='grc' dir='ltr'><em>τὸ</em></span> <span class='ocrx_word' id='word_1_25' title='bbox 387 418 658 485; x_wconf 91' lang='grc' dir='ltr'><em>στράτευμα</em></span> <span class='ocrx_word' id='word_1_26' title='bbox 676 413 811 487; x_wconf 89' lang='grc'><strong>(83).</strong></span> <span class='ocrx_word' id='word_1_27' title='bbox 867 419 1104 482; x_wconf 73' lang='lat' dir='ltr'><strong>Sequitur</strong></span> <span class='ocrx_word' id='word_1_28' title='bbox 1132 419 1403 482; x_wconf 76' lang='lat' dir='ltr'><strong>praemisso</strong></span> <span class='ocrx_word' id='word_1_29' title='bbox 1434 420 1588 469; x_wconf 77' lang='lat' dir='ltr'><strong>titulo</strong></span> <span class='ocrx_word' id='word_1_30' title='bbox 1614 414 1785 483; x_wconf 84' lang='grc' dir='ltr'><em>Ἀφαι-</em></span> 
     </span>
     <span class='ocr_line' id='line_1_5' title="bbox 88 487 1062 558; baseline 0.001 -18"><span class='ocrx_word' id='word_1_31' title='bbox 88 490 253 558; x_wconf 82' lang='grc' dir='ltr'><em>ρεθεὶς</em></span> <span class='ocrx_word' id='word_1_32' title='bbox 284 490 310 541; x_wconf 86' lang='grc' dir='ltr'>ὁ</span> <span class='ocrx_word' id='word_1_33' title='bbox 338 487 579 558; x_wconf 83' lang='grc' dir='ltr'><em>Ἀχιλλεὺς</em></span> <span class='ocrx_word' id='word_1_34' title='bbox 609 493 907 543; x_wconf 75' lang='lat' dir='ltr'><strong>declamatio</strong></span> <span class='ocrx_word' id='word_1_35' title='bbox 937 494 1062 556; x_wconf 86' lang='lat' dir='ltr'><strong>ipsa.</strong></span> 
     </span>
    </p>

    <p class='ocr_par' dir='ltr' id='par_1_3' title="bbox 204 566 1429 635">
     <span class='ocr_line' id='line_1_6' title="bbox 204 566 1429 635; baseline 0 -20"><span class='ocrx_word' id='word_1_36' title='bbox 204 569 270 615; x_wconf 84' lang='lat'>12</span> <span class='ocrx_word' id='word_1_37' title='bbox 305 566 445 631; x_wconf 83' lang='grc' dir='ltr'><em>μετὰ</em></span> <span class='ocrx_word' id='word_1_38' title='bbox 475 566 580 631; x_wconf 81' lang='grc' dir='ltr'><em>τὴν</em></span> <span class='ocrx_word' id='word_1_39' title='bbox 611 568 812 635; x_wconf 88' lang='grc' dir='ltr'><em>τροίας</em></span> <span class='ocrx_word' id='word_1_40' title='bbox 843 567 1062 617; x_wconf 77' lang='grc' dir='ltr'><em>ἅλωσιν</em></span> <span class='ocrx_word' id='word_1_41' title='bbox 1094 584 1204 616; x_wconf 89' lang='lat' dir='ltr'><em>cum</em></span> <span class='ocrx_word' id='word_1_42' title='bbox 1234 569 1429 617; x_wconf 75' lang='lat' dir='ltr'><strong>theoria</strong></span> 
     </span>
    </p>

    <p class='ocr_par' dir='ltr' id='par_1_4' title="bbox 208 637 1730 709">
     <span class='ocr_line' id='line_1_7' title="bbox 208 637 1730 709; baseline 0.001 -20"><span class='ocrx_word' id='word_1_43' title='bbox 208 643 273 690; x_wconf 86' lang='lat'>21</span> <span class='ocrx_word' id='word_1_44' title='bbox 314 641 480 705; x_wconf 85' lang='grc' dir='ltr'><em>Τίμων</em></span> <span class='ocrx_word' id='word_1_45' title='bbox 512 641 637 707; x_wconf 82' lang='grc' dir='ltr'><em>ἐρῶν</em></span> <span class='ocrx_word' id='word_1_46' title='bbox 667 640 959 707; x_wconf 77' lang='grc' dir='ltr'><em>ἀλκιβιάδου</em></span> <span class='ocrx_word' id='word_1_47' title='bbox 990 640 1166 691; x_wconf 78' lang='grc' dir='ltr'><em>ἑαυτὸν</em></span> <span class='ocrx_word' id='word_1_48' title='bbox 1197 641 1540 708; x_wconf 77' lang='grc' dir='ltr'><em>προσαγγέλλει</em></span> <span class='ocrx_word' id='word_1_49' title='bbox 1572 637 1730 709; x_wconf 91' lang='grc'><strong>(181)</strong></span> 
     </span>
    </p>

    <p class='ocr_par' dir='ltr' id='par_1_5' title="bbox 89 714 1784 858">
     <span class='ocr_line' id='line_1_8' title="bbox 206 714 1784 781; baseline 0.003 -19"><span class='ocrx_word' id='word_1_50' title='bbox 206 717 300 763; x_wconf 92' lang='grc'><em>28*</em></span> <span class='ocrx_word' id='word_1_51' title='bbox 331 714 449 780; x_wconf 79' lang='grc' dir='ltr'><em>μετὰ</em></span> <span class='ocrx_word' id='word_1_52' title='bbox 479 714 537 764; x_wconf 83' lang='grc' dir='ltr'><em>τὰ</em></span> <span class='ocrx_word' id='word_1_53' title='bbox 567 715 621 766; x_wconf 90' lang='grc' dir='ltr'><em>ἐν</em></span> <span class='ocrx_word' id='word_1_54' title='bbox 653 720 883 781; x_wconf 86' lang='grc' dir='ltr'><em>σαλαμῖνι</em></span> <span class='ocrx_word' id='word_1_55' title='bbox 913 714 1280 781; x_wconf 79' lang='grc' dir='ltr'><em>ἀναλαμβάνειν</em></span> <span class='ocrx_word' id='word_1_56' title='bbox 1311 714 1449 776; x_wconf 77' lang='grc' dir='ltr'><em>ἀξιοῖ</em></span> <span class='ocrx_word' id='word_1_57' title='bbox 1470 720 1675 781; x_wconf 83' lang='grc' dir='ltr'><em>νεοκλῆς</em></span> <span class='ocrx_word' id='word_1_58' title='bbox 1697 716 1784 766; x_wconf 87' lang='grc' dir='ltr'><em>τὸν</em></span> 
     </span>
     <span class='ocr_line' id='line_1_9' title="bbox 89 785 1025 858; baseline 0.002 -21"><span class='ocrx_word' id='word_1_59' title='bbox 89 788 426 854; x_wconf 82' lang='grc' dir='ltr'><em>θεμιστοκλέα,</em></span> <span class='ocrx_word' id='word_1_60' title='bbox 460 788 485 840; x_wconf 86' lang='grc' dir='ltr'>ὁ</span> <span class='ocrx_word' id='word_1_61' title='bbox 517 788 570 840; x_wconf 85' lang='grc' dir='ltr'><em>δὲ</em></span> <span class='ocrx_word' id='word_1_62' title='bbox 601 789 835 857; x_wconf 82' lang='grc' dir='ltr'><em>ἀντιλέγει</em></span> <span class='ocrx_word' id='word_1_63' title='bbox 866 785 1025 858; x_wconf 91' lang='grc'><strong>(374)</strong></span> 
     </span>
    </p>

    <p class='ocr_par' dir='ltr' id='par_1_6' title="bbox 203 858 1360 933">
     <span class='ocr_line' id='line_1_10' title="bbox 203 858 1360 933; baseline 0.001 -20"><span class='ocrx_word' id='word_1_64' title='bbox 203 866 298 913; x_wconf 94' lang='grc'><strong>34*</strong></span> <span class='ocrx_word' id='word_1_65' title='bbox 328 862 382 913; x_wconf 84' lang='grc' dir='ltr'><em>ἐκ</em></span> <span class='ocrx_word' id='word_1_66' title='bbox 411 872 499 914; x_wconf 83' lang='grc' dir='ltr'><em>τοῦ</em></span> <span class='ocrx_word' id='word_1_67' title='bbox 530 864 756 915; x_wconf 85' lang='grc' dir='ltr'><em>ἐναντίου</em></span> <span class='ocrx_word' id='word_1_68' title='bbox 790 863 816 915; x_wconf 85' lang='grc' dir='ltr'><em>ὃ</em></span> <span class='ocrx_word' id='word_1_69' title='bbox 847 868 1170 930; x_wconf 86' lang='grc' dir='ltr'><em>θεμιστοκλῆς</em></span> <span class='ocrx_word' id='word_1_70' title='bbox 1201 858 1360 933; x_wconf 89' lang='grc'><strong>(388)</strong></span> 
     </span>
    </p>

    <p class='ocr_par' dir='ltr' id='par_1_7' title="bbox 202 934 1606 1007">
     <span class='ocr_line' id='line_1_11' title="bbox 202 934 1606 1007; baseline 0.001 -21"><span class='ocrx_word' id='word_1_71' title='bbox 202 940 299 987; x_wconf 91' lang='grc'><em>40*</em></span> <span class='ocrx_word' id='word_1_72' title='bbox 327 938 506 1003; x_wconf 83' lang='grc' dir='ltr'><em>Κίμων</em></span> <span class='ocrx_word' id='word_1_73' title='bbox 537 940 688 989; x_wconf 83' lang='grc' dir='ltr'><em>αἰτῶν</em></span> <span class='ocrx_word' id='word_1_74' title='bbox 718 938 840 1007; x_wconf 79' lang='grc' dir='ltr'><em>ὑπὲρ</em></span> <span class='ocrx_word' id='word_1_75' title='bbox 872 947 960 989; x_wconf 86' lang='grc' dir='ltr'><em>τοῦ</em></span> <span class='ocrx_word' id='word_1_76' title='bbox 990 938 1173 1004; x_wconf 82' lang='grc' dir='ltr'><em>πατρὸς</em></span> <span class='ocrx_word' id='word_1_77' title='bbox 1204 939 1416 1004; x_wconf 81' lang='grc' dir='ltr'><em>δεθῆναι</em></span> <span class='ocrx_word' id='word_1_78' title='bbox 1448 934 1606 1007; x_wconf 90' lang='grc'><strong>(335)</strong></span> 
     </span>
    </p>

    <p class='ocr_par' dir='ltr' id='par_1_8' title="bbox 202 1007 1188 1081">
     <span class='ocr_line' id='line_1_12' title="bbox 202 1007 1188 1081; baseline 0.003 -21"><span class='ocrx_word' id='word_1_79' title='bbox 202 1014 298 1060; x_wconf 84' lang='grc'><em>44*</em></span> <span class='ocrx_word' id='word_1_80' title='bbox 331 1013 587 1074; x_wconf 86' lang='grc' dir='ltr'><em>Δικάζεται</em></span> <span class='ocrx_word' id='word_1_81' title='bbox 616 1014 862 1064; x_wconf 84' lang='grc' dir='ltr'><em>ποσειδῶν</em></span> <span class='ocrx_word' id='word_1_82' title='bbox 892 1011 998 1079; x_wconf 78' lang='grc' dir='ltr'><em>ἅρει</em></span> <span class='ocrx_word' id='word_1_83' title='bbox 1029 1007 1188 1081; x_wconf 88' lang='grc'><strong>(402)</strong></span> 
     </span>
    </p>

    <p class='ocr_par' dir='ltr' id='par_1_9' title="bbox 201 1083 1164 1156">
     <span class='ocr_line' id='line_1_13' title="bbox 201 1083 1164 1156; baseline 0.004 -22"><span class='ocrx_word' id='word_1_84' title='bbox 201 1089 298 1135; x_wconf 90' lang='grc'><strong>47*</strong></span> <span class='ocrx_word' id='word_1_85' title='bbox 328 1085 382 1137; x_wconf 91' lang='grc' dir='ltr'><em>ἐκ</em></span> <span class='ocrx_word' id='word_1_86' title='bbox 413 1096 500 1138; x_wconf 85' lang='grc' dir='ltr'><em>τοῦ</em></span> <span class='ocrx_word' id='word_1_87' title='bbox 532 1086 758 1138; x_wconf 89' lang='grc' dir='ltr'><em>ἐναντίου</em></span> <span class='ocrx_word' id='word_1_88' title='bbox 792 1085 818 1137; x_wconf 84' lang='grc' dir='ltr'>ὁ</span> <span class='ocrx_word' id='word_1_89' title='bbox 850 1086 974 1155; x_wconf 71' lang='grc' dir='ltr'><em>ἅρης</em></span> <span class='ocrx_word' id='word_1_90' title='bbox 1005 1083 1164 1156; x_wconf 93' lang='grc'><strong>(410)</strong></span> 
     </span>
    </p>

    <p class='ocr_par' dir='ltr' id='par_1_10' title="bbox 202 1158 1145 1230">
     <span class='ocr_line' id='line_1_14' title="bbox 202 1158 1145 1230; baseline 0.004 -21"><span class='ocrx_word' id='word_1_91' title='bbox 202 1162 298 1209; x_wconf 92' lang='grc'><em>51*</em></span> <span class='ocrx_word' id='word_1_92' title='bbox 337 1162 588 1228; x_wconf 86' lang='grc' dir='ltr'><em>φθονερὸς</em></span> <span class='ocrx_word' id='word_1_93' title='bbox 620 1170 708 1213; x_wconf 87' lang='grc' dir='ltr'><em>τοῦ</em></span> <span class='ocrx_word' id='word_1_94' title='bbox 739 1163 955 1229; x_wconf 77' lang='grc' dir='ltr'><em>γείτονος</em></span> <span class='ocrx_word' id='word_1_95' title='bbox 987 1158 1145 1230; x_wconf 94' lang='grc'><strong>(159)</strong></span> 
     </span>
    </p>

    <p class='ocr_par' dir='ltr' id='par_1_11' title="bbox 203 1231 1105 1304">
     <span class='ocr_line' id='line_1_15' title="bbox 203 1231 1105 1304; baseline 0.002 -21"><span class='ocrx_word' id='word_1_96' title='bbox 203 1236 273 1284; x_wconf 88' lang='grc'><em>60</em></span> <span class='ocrx_word' id='word_1_97' title='bbox 305 1236 544 1298; x_wconf 87' lang='grc' dir='ltr'><em>δύσκολος</em></span> <span class='ocrx_word' id='word_1_98' title='bbox 574 1237 723 1287; x_wconf 83' lang='grc' dir='ltr'><em>λάλον</em></span> <span class='ocrx_word' id='word_1_99' title='bbox 753 1237 915 1303; x_wconf 87' lang='grc' dir='ltr'><em>γήμας</em></span> <span class='ocrx_word' id='word_1_100' title='bbox 947 1231 1105 1304; x_wconf 84' lang='grc'><strong>(134)</strong></span> 
     </span>
    </p>

    <p class='ocr_par' dir='ltr' id='par_1_12' title="bbox 202 1306 977 1379">
     <span class='ocr_line' id='line_1_16' title="bbox 202 1306 977 1379; baseline 0.004 -21"><span class='ocrx_word' id='word_1_101' title='bbox 202 1311 269 1358; x_wconf 87' lang='grc'><em>66</em></span> <span class='ocrx_word' id='word_1_102' title='bbox 304 1310 543 1371; x_wconf 85' lang='grc' dir='ltr'><em>δύσκολος</em></span> <span class='ocrx_word' id='word_1_103' title='bbox 574 1311 788 1361; x_wconf 79' lang='grc' dir='ltr'><em>ὤλισθεν</em></span> <span class='ocrx_word' id='word_1_104' title='bbox 819 1306 977 1379; x_wconf 87' lang='lat'>(612)</span> 
     </span>
    </p>

    <p class='ocr_par' dir='ltr' id='par_1_13' title="bbox 201 1381 1269 1477">
     <span class='ocr_line' id='line_1_17' title="bbox 201 1381 1269 1477; baseline 0.003 -45"><span class='ocrx_word' id='word_1_105' title='bbox 201 1385 268 1433; x_wconf 83' lang='lat'><em>69</em></span> <span class='ocrx_word' id='word_1_106' title='bbox 303 1385 613 1453; x_wconf 76' lang='grc' dir='ltr'><em>φιλαργύρου</em></span> <span class='ocrx_word' id='word_1_107' title='bbox 643 1391 761 1446; x_wconf 84' lang='grc' dir='ltr'><em>παῖς</em></span> <span class='ocrx_word' id='word_1_108' title='bbox 791 1384 1080 1477; x_wconf 81' lang='grc' dir='ltr'><em>ἀριστεύσας</em></span> <span class='ocrx_word' id='word_1_109' title='bbox 1109 1381 1269 1453; x_wconf 83' lang='lat'>(622)</span> 
     </span>
    </p>

    <p class='ocr_par' dir='ltr' id='par_1_14' title="bbox 204 1455 1782 1528">
     <span class='ocr_line' id='line_1_18' title="bbox 204 1455 1782 1528; baseline 0.002 -21"><span class='ocrx_word' id='word_1_110' title='bbox 204 1460 297 1508; x_wconf 92' lang='grc'><em>75*</em></span> <span class='ocrx_word' id='word_1_111' title='bbox 328 1461 635 1527; x_wconf 84' lang='grc' dir='ltr'><em>φιλαργύρου</em></span> <span class='ocrx_word' id='word_1_112' title='bbox 666 1465 783 1520; x_wconf 88' lang='grc' dir='ltr'><em>παῖς</em></span> <span class='ocrx_word' id='word_1_113' title='bbox 814 1469 903 1510; x_wconf 89' lang='grc' dir='ltr'><em>τοῦ</em></span> <span class='ocrx_word' id='word_1_114' title='bbox 934 1460 1118 1527; x_wconf 88' lang='grc' dir='ltr'><em>πατρὸς</em></span> <span class='ocrx_word' id='word_1_115' title='bbox 1147 1459 1299 1510; x_wconf 83' lang='grc' dir='ltr'><em>αὐτοῦ</em></span> <span class='ocrx_word' id='word_1_116' title='bbox 1324 1461 1598 1525; x_wconf 82' lang='grc' dir='ltr'><em>κάμνοντος</em></span> <span class='ocrx_word' id='word_1_117' title='bbox 1624 1455 1782 1528; x_wconf 88' lang='grc'><strong>(654)</strong></span> 
     </span>
    </p>

    <p class='ocr_par' dir='ltr' id='par_1_15' title="bbox 200 1529 1317 1603">
     <span class='ocr_line' id='line_1_19' title="bbox 200 1529 1317 1603; baseline 0.002 -21"><span class='ocrx_word' id='word_1_118' title='bbox 200 1534 297 1581; x_wconf 89' lang='grc'><em>81*</em></span> <span class='ocrx_word' id='word_1_119' title='bbox 326 1533 479 1599; x_wconf 89' lang='grc' dir='ltr'><em>νόμος</em></span> <span class='ocrx_word' id='word_1_120' title='bbox 510 1534 596 1584; x_wconf 90' lang='grc' dir='ltr'><em>τὸν</em></span> <span class='ocrx_word' id='word_1_121' title='bbox 627 1533 834 1601; x_wconf 82' lang='grc' dir='ltr'><em>εὑρόντα</em></span> <span class='ocrx_word' id='word_1_122' title='bbox 865 1535 1128 1602; x_wconf 87' lang='grc' dir='ltr'><em>θησαυρὸν</em></span> <span class='ocrx_word' id='word_1_123' title='bbox 1159 1529 1317 1603; x_wconf 88' lang='grc'><strong>(198)</strong></span> 
     </span>
    </p>

    <p class='ocr_par' dir='ltr' id='par_1_16' title="bbox 202 1604 1279 1678">
     <span class='ocr_line' id='line_1_20' title="bbox 202 1604 1279 1678; baseline 0.002 -22"><span class='ocrx_word' id='word_1_124' title='bbox 202 1609 270 1657; x_wconf 90' lang='grc'><em>88</em></span> <span class='ocrx_word' id='word_1_125' title='bbox 306 1609 606 1675; x_wconf 84' lang='grc' dir='ltr'><em>φιλάργυρος</em></span> <span class='ocrx_word' id='word_1_126' title='bbox 637 1608 865 1674; x_wconf 83' lang='grc' dir='ltr'><em>ἐρασθεὶς</em></span> <span class='ocrx_word' id='word_1_127' title='bbox 897 1608 1088 1675; x_wconf 77' lang='grc' dir='ltr'><em>ἑταίρας</em></span> <span class='ocrx_word' id='word_1_128' title='bbox 1120 1604 1279 1678; x_wconf 87' lang='grc'><strong>(827)</strong></span> 
     </span>
    </p>

    <p class='ocr_par' dir='ltr' id='par_1_17' title="bbox 201 1677 1782 1751">
     <span class='ocr_line' id='line_1_21' title="bbox 201 1677 1782 1751; baseline 0.001 -21"><span class='ocrx_word' id='word_1_129' title='bbox 201 1683 269 1730; x_wconf 92' lang='grc'><em>95</em></span> <span class='ocrx_word' id='word_1_130' title='bbox 302 1681 455 1747; x_wconf 88' lang='grc' dir='ltr'><em>νόμος</em></span> <span class='ocrx_word' id='word_1_131' title='bbox 485 1683 540 1734; x_wconf 93' lang='grc' dir='ltr'><em>ἐν</em></span> <span class='ocrx_word' id='word_1_132' title='bbox 571 1684 886 1747; x_wconf 85' lang='grc' dir='ltr'><em>λακεδαίμονι</em></span> <span class='ocrx_word' id='word_1_133' title='bbox 917 1682 1003 1733; x_wconf 92' lang='grc' dir='ltr'><em>τὸν</em></span> <span class='ocrx_word' id='word_1_134' title='bbox 1034 1684 1147 1733; x_wconf 85' lang='grc' dir='ltr'><em>εἴσω</em></span> <span class='ocrx_word' id='word_1_135' title='bbox 1179 1683 1438 1747; x_wconf 89' lang='grc' dir='ltr'><em>τριάκοντα</em></span> <span class='ocrx_word' id='word_1_136' title='bbox 1468 1683 1591 1733; x_wconf 84' lang='grc' dir='ltr'><em>ἐτῶν</em></span> <span class='ocrx_word' id='word_1_137' title='bbox 1624 1677 1782 1751; x_wconf 89' lang='grc'><strong>(420)</strong></span> 
     </span>
    </p>

    <p class='ocr_par' dir='ltr' id='par_1_18' title="bbox 201 1753 1547 1826">
     <span class='ocr_line' id='line_1_22' title="bbox 201 1753 1547 1826; baseline 0.002 -22"><span class='ocrx_word' id='word_1_138' title='bbox 201 1757 295 1804; x_wconf 92' lang='grc'><em>99*</em></span> <span class='ocrx_word' id='word_1_139' title='bbox 326 1755 555 1822; x_wconf 80' lang='grc' dir='ltr'><em>ἐζήτησεν</em></span> <span class='ocrx_word' id='word_1_140' title='bbox 587 1756 613 1808; x_wconf 86' lang='grc' dir='ltr'>ὁ</span> <span class='ocrx_word' id='word_1_141' title='bbox 647 1759 886 1821; x_wconf 85' lang='grc' dir='ltr'><em>φίλιππος</em></span> <span class='ocrx_word' id='word_1_142' title='bbox 915 1757 1002 1808; x_wconf 90' lang='grc' dir='ltr'><em>τὸν</em></span> <span class='ocrx_word' id='word_1_143' title='bbox 1033 1757 1357 1823; x_wconf 84' lang='grc' dir='ltr'><em>δημοσθένην</em></span> <span class='ocrx_word' id='word_1_144' title='bbox 1390 1753 1547 1826; x_wconf 90' lang='grc'><strong>(253)</strong></span> 
     </span>
    </p>

    <p class='ocr_par' dir='ltr' id='par_1_19' title="bbox 202 1827 1386 1900">
     <span class='ocr_line' id='line_1_23' title="bbox 202 1827 1386 1900; baseline 0.003 -21"><span class='ocrx_word' id='word_1_145' title='bbox 202 1832 334 1879; x_wconf 89' lang='grc'><em>104*</em></span> <span class='ocrx_word' id='word_1_146' title='bbox 364 1830 590 1892; x_wconf 72' lang='grc' dir='ltr'><em>ἐκδοθεὶς</em></span> <span class='ocrx_word' id='word_1_147' title='bbox 622 1833 846 1897; x_wconf 81' lang='grc' dir='ltr'><em>φιλίππω</em></span> <span class='ocrx_word' id='word_1_148' title='bbox 879 1831 1197 1897; x_wconf 81' lang='grc' dir='ltr'><em>δημοσθένης</em></span> <span class='ocrx_word' id='word_1_149' title='bbox 1229 1827 1386 1900; x_wconf 90' lang='grc'><strong>(280)</strong></span> 
     </span>
    </p>

    <p class='ocr_par' dir='ltr' id='par_1_20' title="bbox 201 1901 1083 1974">
     <span class='ocr_line' id='line_1_24' title="bbox 201 1901 1083 1974; baseline 0.003 -21"><span class='ocrx_word' id='word_1_150' title='bbox 201 1907 305 1953; x_wconf 84' lang='grc'><em>117</em></span> <span class='ocrx_word' id='word_1_151' title='bbox 340 1905 492 1970; x_wconf 86' lang='grc' dir='ltr'><em>νόμος</em></span> <span class='ocrx_word' id='word_1_152' title='bbox 524 1906 684 1967; x_wconf 82' lang='grc' dir='ltr'><em>ξενίας</em></span> <span class='ocrx_word' id='word_1_153' title='bbox 715 1905 894 1956; x_wconf 79' lang='grc' dir='ltr'><em>ἁλόντα</em></span> <span class='ocrx_word' id='word_1_154' title='bbox 926 1901 1083 1974; x_wconf 87' lang='grc'><strong>(323)</strong></span> 
     </span>
    </p>

    <p class='ocr_par' dir='ltr' id='par_1_21' title="bbox 203 1975 1779 2049">
     <span class='ocr_line' id='line_1_25' title="bbox 203 1975 1779 2049; baseline 0.002 -22"><span class='ocrx_word' id='word_1_155' title='bbox 203 1980 336 2028; x_wconf 91' lang='grc'><strong>120*</strong></span> <span class='ocrx_word' id='word_1_156' title='bbox 358 1979 509 2044; x_wconf 89' lang='grc' dir='ltr'><em>νόμος</em></span> <span class='ocrx_word' id='word_1_157' title='bbox 540 1981 627 2032; x_wconf 91' lang='grc' dir='ltr'><em>τὸν</em></span> <span class='ocrx_word' id='word_1_158' title='bbox 649 1979 808 2048; x_wconf 69' lang='grc' dir='ltr'><em>ἄνδρα</em></span> <span class='ocrx_word' id='word_1_159' title='bbox 831 1980 923 2046; x_wconf 84' lang='grc' dir='ltr'><em>τὴν</em></span> <span class='ocrx_word' id='word_1_160' title='bbox 945 1986 1126 2047; x_wconf 83' lang='grc' dir='ltr'><em>προῖκα</em></span> <span class='ocrx_word' id='word_1_161' title='bbox 1149 1989 1236 2046; x_wconf 83' lang='grc' dir='ltr'><em>τῆς</em></span> <span class='ocrx_word' id='word_1_162' title='bbox 1260 1981 1605 2048; x_wconf 79' lang='grc' dir='ltr'><em>μοιχευθείσης</em></span> <span class='ocrx_word' id='word_1_163' title='bbox 1622 1975 1779 2049; x_wconf 89' lang='grc'><strong>(582)</strong></span> 
     </span>
    </p>

    <p class='ocr_par' dir='ltr' id='par_1_22' title="bbox 201 2050 1242 2123">
     <span class='ocr_line' id='line_1_26' title="bbox 201 2050 1242 2123; baseline 0.004 -22"><span class='ocrx_word' id='word_1_164' title='bbox 201 2055 305 2102; x_wconf 90' lang='grc'><em>132</em></span> <span class='ocrx_word' id='word_1_165' title='bbox 338 2053 393 2104; x_wconf 90' lang='grc' dir='ltr'><em>ἐν</em></span> <span class='ocrx_word' id='word_1_166' title='bbox 422 2055 646 2122; x_wconf 88' lang='grc' dir='ltr'><em>κορίνθω</em></span> <span class='ocrx_word' id='word_1_167' title='bbox 676 2054 876 2122; x_wconf 88' lang='grc' dir='ltr'><em>γέγονεν</em></span> <span class='ocrx_word' id='word_1_168' title='bbox 903 2050 1071 2123; x_wconf 49' lang='grc' dir='ltr'><em>’ἑταίρα</em></span> <span class='ocrx_word' id='word_1_169' title='bbox 1135 2059 1242 2106; x_wconf 89' lang='grc'><em>430</em></span> 
     </span>
    </p>

    <p class='ocr_par' dir='ltr' id='par_1_23' title="bbox 203 2050 1242 2197">
     <span class='ocr_line' id='line_1_27' title="bbox 203 2050 1242 2197; baseline 0.004 -21"><span class='ocrx_word' id='word_1_170' title='bbox 203 2129 335 2177; x_wconf 88' lang='grc'><strong>138*</strong></span> <span class='ocrx_word' id='word_1_171' title='bbox 364 2136 429 2178; x_wconf 88' lang='grc' dir='ltr'><em>τῶ</em></span> <span class='ocrx_word' id='word_1_172' title='bbox 461 2130 834 2196; x_wconf 85' lang='grc' dir='ltr'><em>κατορθώσαντι</em></span> <span class='ocrx_word' id='word_1_173' title='bbox 863 2129 1078 2194; x_wconf 89' lang='grc' dir='ltr'><em>πόλεμον</em></span> <span class='ocrx_word' id='word_1_174' title='bbox 1110 2050 1242 2197; x_wconf 62' lang='grc'><strong>(512</strong></span> 
     </span>
    </p>

    <p class='ocr_par' dir='ltr' id='par_1_24' title="bbox 202 2199 1416 2272">
     <span class='ocr_line' id='line_1_28' title="bbox 202 2199 1416 2272; baseline 0.003 -22"><span class='ocrx_word' id='word_1_175' title='bbox 202 2204 308 2252; x_wconf 92' lang='grc'><em>150</em></span> <span class='ocrx_word' id='word_1_176' title='bbox 339 2202 492 2267; x_wconf 89' lang='grc' dir='ltr'><em>νόμος</em></span> <span class='ocrx_word' id='word_1_177' title='bbox 522 2203 609 2254; x_wconf 90' lang='grc' dir='ltr'><em>τὸν</em></span> <span class='ocrx_word' id='word_1_178' title='bbox 640 2204 868 2269; x_wconf 85' lang='grc' dir='ltr'><em>θορύβου</em></span> <span class='ocrx_word' id='word_1_179' title='bbox 900 2203 982 2253; x_wconf 84' lang='grc' dir='ltr'><em>καὶ</em></span> <span class='ocrx_word' id='word_1_180' title='bbox 1014 2204 1225 2264; x_wconf 88' lang='grc' dir='ltr'><em>στάσεως</em></span> <span class='ocrx_word' id='word_1_181' title='bbox 1258 2199 1416 2272; x_wconf 89' lang='grc'><strong>(707)</strong></span> 
     </span>
    </p>

    <p class='ocr_par' dir='ltr' id='par_1_25' title="bbox 201 2273 1453 2346">
     <span class='ocr_line' id='line_1_29' title="bbox 201 2273 1453 2346; baseline 0.002 -21"><span class='ocrx_word' id='word_1_182' title='bbox 201 2278 304 2326; x_wconf 88' lang='grc'><em>156</em></span> <span class='ocrx_word' id='word_1_183' title='bbox 340 2276 540 2327; x_wconf 89' lang='grc' dir='ltr'><em>διέσωσέ</em></span> <span class='ocrx_word' id='word_1_184' title='bbox 569 2297 642 2337; x_wconf 86' lang='grc' dir='ltr'><em>τις</em></span> <span class='ocrx_word' id='word_1_185' title='bbox 674 2277 963 2343; x_wconf 80' lang='grc' dir='ltr'><em>ἐμπρησμοῦ</em></span> <span class='ocrx_word' id='word_1_186' title='bbox 993 2277 1262 2344; x_wconf 83' lang='grc' dir='ltr'><em>γενομένου</em></span> <span class='ocrx_word' id='word_1_187' title='bbox 1294 2273 1453 2346; x_wconf 87' lang='grc'><strong>(739)</strong></span> 
     </span>
    </p>

    <p class='ocr_par' dir='ltr' id='par_1_26' title="bbox 202 2347 1779 2420">
     <span class='ocr_line' id='line_1_30' title="bbox 202 2347 1779 2420; baseline 0.001 -22"><span class='ocrx_word' id='word_1_188' title='bbox 202 2351 305 2399; x_wconf 87' lang='grc'><em>168</em></span> <span class='ocrx_word' id='word_1_189' title='bbox 345 2350 499 2415; x_wconf 89' lang='grc' dir='ltr'><em>νόμος</em></span> <span class='ocrx_word' id='word_1_190' title='bbox 537 2352 622 2402; x_wconf 90' lang='grc' dir='ltr'><em>τὸν</em></span> <span class='ocrx_word' id='word_1_191' title='bbox 659 2351 739 2402; x_wconf 86' lang='grc' dir='ltr'><em>ἐπὶ</em></span> <span class='ocrx_word' id='word_1_192' title='bbox 781 2360 868 2417; x_wconf 83' lang='grc' dir='ltr'><em>τῆς</em></span> <span class='ocrx_word' id='word_1_193' title='bbox 907 2350 1162 2417; x_wconf 80' lang='grc' dir='ltr'><em>ἐκκλησίας</em></span> <span class='ocrx_word' id='word_1_194' title='bbox 1201 2347 1359 2420; x_wconf 86' lang='grc'><strong>(478)</strong></span> <span class='ocrx_word' id='word_1_195' title='bbox 1398 2356 1514 2417; x_wconf 83' lang='lat' dir='ltr'><strong>post</strong></span> <span class='ocrx_word' id='word_1_196' title='bbox 1561 2355 1779 2416; x_wconf 84' lang='lat' dir='ltr'><strong>quinque</strong></span> 
     </span>
    </p>
   </div>
   <div class='ocr_carea' id='block_1_3' title="bbox 87 2421 1704 2494">
    <p class='ocr_par' dir='ltr' id='par_1_27' title="bbox 0 2394 1704 2494">
     <span class='ocr_line' id='line_1_31' title="bbox 87 2421 1704 2494; baseline 0.004 -23.694"><span class='ocrx_word' id='word_1_197' title='bbox 87 2423 244 2473; x_wconf 82' lang='lat' dir='ltr'><strong>lineas</strong></span> <span class='ocrx_word' id='word_1_198' title='bbox 276 2425 459 2474; x_wconf 79' lang='lat' dir='ltr'><strong>desinit</strong></span> <span class='ocrx_word' id='word_1_199' title='bbox 490 2427 542 2474; x_wconf 92' lang='lat' dir='ltr'><em>in</em></span> <span class='ocrx_word' id='word_1_200' title='bbox 574 2427 726 2476; x_wconf 83' lang='lat' dir='ltr'><strong>verba</strong></span> <span class='ocrx_word' id='word_1_201' title='bbox 757 2425 872 2485; x_wconf 84' lang='grc' dir='ltr'><em>τοὺς</em></span> <span class='ocrx_word' id='word_1_202' title='bbox 904 2426 1057 2486; x_wconf 85' lang='grc' dir='ltr'><em>θεοὺς</em></span> <span class='ocrx_word' id='word_1_203' title='bbox 1089 2426 1316 2490; x_wconf 82' lang='grc' dir='ltr'><em>ἐφαίνετό</em></span> <span class='ocrx_word' id='word_1_204' title='bbox 1349 2446 1432 2491; x_wconf 89' lang='grc' dir='ltr'><em>μοι</em></span> <span class='ocrx_word' id='word_1_205' title='bbox 1466 2422 1614 2494; x_wconf 90' lang='grc'><strong>(479,</strong></span> <span class='ocrx_word' id='word_1_206' title='bbox 1633 2421 1704 2494; x_wconf 92' lang='grc'><em>7).</em></span> 
     </span>
    </p>
   </div>
   <div class='ocr_carea' id='block_1_4' title="bbox 0 2536 9 3192">
    <p class='ocr_par' dir='ltr' id='par_1_28' title="bbox 0 2536 9 3192">
     <span class='ocr_line' id='line_1_32' title="bbox 0 2536 8 2812; baseline 0 0"><span class='ocrx_word' id='word_1_207' title='bbox 0 2536 8 2812; x_wconf 62' lang='grc' dir='ltr'><em>ξ</em></span> 
     </span>
     <span class='ocr_line' id='line_1_33' title="bbox 0 2813 9 3031; baseline 0 0"><span class='ocrx_word' id='word_1_208' title='bbox 0 2813 9 3031; x_wconf 57' lang='grc' dir='ltr'>ῑ</span> 
     </span>
     <span class='ocr_line' id='line_1_34' title="bbox 0 3070 9 3192; baseline 0 0"><span class='ocrx_word' id='word_1_209' title='bbox 0 3070 9 3192; x_wconf 60' lang='grc' dir='ltr'>ἑ</span> 
     </span>
    </p>
   </div>
   <div class='ocr_carea' id='block_1_5' title="bbox 196 2498 749 2562">
    <p class='ocr_par' dir='ltr' id='par_1_29' title="bbox 196 2498 749 2562">
     <span class='ocr_line' id='line_1_35' title="bbox 196 2498 749 2562; baseline 0.004 -14"><span class='ocrx_word' id='word_1_210' title='bbox 196 2498 395 2562; x_wconf 84' lang='lat' dir='ltr'><strong>Inspexi</strong></span> <span class='ocrx_word' id='word_1_211' title='bbox 427 2516 556 2549; x_wconf 80' lang='lat' dir='ltr'><strong>anno</strong></span> <span class='ocrx_word' id='word_1_212' title='bbox 591 2502 749 2550; x_wconf 82' lang='lat'>1880.</span> 
     </span>
    </p>
   </div>
   <div class='ocr_carea' id='block_1_6' title="bbox 84 2646 1781 3007">
    <p class='ocr_par' dir='ltr' id='par_1_30' title="bbox 84 2646 1781 3007">
     <span class='ocr_line' id='line_1_36' title="bbox 199 2646 1778 2711; baseline 0.003 -18"><span class='ocrx_word' id='word_1_213' title='bbox 199 2646 274 2694; x_wconf 83' lang='lat' dir='ltr'><em>Ex</em></span> <span class='ocrx_word' id='word_1_214' title='bbox 303 2648 381 2696; x_wconf 89' lang='lat' dir='ltr'><em>his</em></span> <span class='ocrx_word' id='word_1_215' title='bbox 414 2663 540 2711; x_wconf 89' lang='lat' dir='ltr'><strong>quos</strong></span> <span class='ocrx_word' id='word_1_216' title='bbox 570 2650 624 2696; x_wconf 90' lang='lat' dir='ltr'><em>in</em></span> <span class='ocrx_word' id='word_1_217' title='bbox 657 2653 862 2697; x_wconf 77' lang='lat' dir='ltr'><strong>censum</strong></span> <span class='ocrx_word' id='word_1_218' title='bbox 893 2649 1138 2698; x_wconf 82' lang='lat' dir='ltr'><strong>vocandos</strong></span> <span class='ocrx_word' id='word_1_219' title='bbox 1170 2664 1274 2698; x_wconf 83' lang='lat' dir='ltr'><strong>csse</strong></span> <span class='ocrx_word' id='word_1_220' title='bbox 1314 2650 1431 2698; x_wconf 84' lang='lat' dir='ltr'><strong>duxi</strong></span> <span class='ocrx_word' id='word_1_221' title='bbox 1471 2650 1662 2699; x_wconf 86' lang='lat' dir='ltr'><strong>codices</strong></span> <span class='ocrx_word' id='word_1_222' title='bbox 1693 2665 1778 2697; x_wconf 92' lang='lat' dir='ltr'><em>no-</em></span> 
     </span>
     <span class='ocr_line' id='line_1_37' title="bbox 84 2719 1781 2786; baseline 0.003 -20"><span class='ocrx_word' id='word_1_223' title='bbox 84 2735 196 2767; x_wconf 82' lang='lat' dir='ltr'><em>vem</em></span> <span class='ocrx_word' id='word_1_224' title='bbox 227 2722 287 2768; x_wconf 90' lang='lat' dir='ltr'><em>H</em></span> <span class='ocrx_word' id='word_1_225' title='bbox 299 2719 845 2772; x_wconf 76' lang='lat' dir='ltr'><em>VVaLaBMViMaol</em></span> <span class='ocrx_word' id='word_1_226' title='bbox 886 2724 967 2772; x_wconf 92' lang='lat' dir='ltr'><em>hic</em></span> <span class='ocrx_word' id='word_1_227' title='bbox 1006 2739 1204 2786; x_wconf 86' lang='lat' dir='ltr'><strong>quoque</strong></span> <span class='ocrx_word' id='word_1_228' title='bbox 1250 2724 1302 2771; x_wconf 91' lang='lat' dir='ltr'><em>in</em></span> <span class='ocrx_word' id='word_1_229' title='bbox 1348 2724 1473 2773; x_wconf 83' lang='lat' dir='ltr'><strong>duas</strong></span> <span class='ocrx_word' id='word_1_230' title='bbox 1520 2723 1781 2772; x_wconf 77' lang='lat' dir='ltr'><strong>discedunt</strong></span> 
     </span>
     <span class='ocr_line' id='line_1_38' title="bbox 86 2793 1779 2859; baseline 0.004 -20"><span class='ocrx_word' id='word_1_231' title='bbox 86 2793 326 2855; x_wconf 85' lang='lat' dir='ltr'><strong>familias,</strong></span> <span class='ocrx_word' id='word_1_232' title='bbox 372 2812 583 2858; x_wconf 81' lang='lat' dir='ltr'><strong>quarum</strong></span> <span class='ocrx_word' id='word_1_233' title='bbox 621 2798 759 2859; x_wconf 88' lang='lat' dir='ltr'><strong>prior</strong></span> <span class='ocrx_word' id='word_1_234' title='bbox 797 2797 1046 2846; x_wconf 78' lang='lat' dir='ltr'><strong>codicibus</strong></span> <span class='ocrx_word' id='word_1_235' title='bbox 1079 2798 1133 2844; x_wconf 90' lang='lat' dir='ltr'><em>H</em></span> <span class='ocrx_word' id='word_1_236' title='bbox 1144 2798 1291 2859; x_wconf 85' lang='lat' dir='ltr'><strong><em>VVa,</em></strong></span> <span class='ocrx_word' id='word_1_237' title='bbox 1330 2798 1489 2847; x_wconf 75' lang='lat' dir='ltr'><strong>altera</strong></span> <span class='ocrx_word' id='word_1_238' title='bbox 1514 2797 1779 2847; x_wconf 82' lang='lat' dir='ltr'><strong>codicibus</strong></span> 
     </span>
     <span class='ocr_line' id='line_1_39' title="bbox 85 2866 1781 2935; baseline 0.004 -22"><span class='ocrx_word' id='word_1_239' title='bbox 85 2866 280 2915; x_wconf 80' lang='lat' dir='ltr'><strong><em>LaBM</em></strong></span> <span class='ocrx_word' id='word_1_240' title='bbox 293 2869 512 2919; x_wconf 71' lang='lat' dir='ltr'><em>ViMaGl</em></span> <span class='ocrx_word' id='word_1_241' title='bbox 543 2871 840 2932; x_wconf 77' lang='lat' dir='ltr'><strong>continetur,</strong></span> <span class='ocrx_word' id='word_1_242' title='bbox 862 2873 937 2920; x_wconf 80' lang='lat' dir='ltr'><em>ita</em></span> <span class='ocrx_word' id='word_1_243' title='bbox 959 2875 1126 2920; x_wconf 78' lang='lat' dir='ltr'><strong>tamen</strong></span> <span class='ocrx_word' id='word_1_244' title='bbox 1151 2875 1208 2919; x_wconf 79' lang='lat' dir='ltr'><em>ut</em></span> <span class='ocrx_word' id='word_1_245' title='bbox 1230 2872 1312 2921; x_wconf 90' lang='lat' dir='ltr'><em>hic</em></span> <span class='ocrx_word' id='word_1_246' title='bbox 1336 2889 1533 2935; x_wconf 84' lang='lat' dir='ltr'><strong>quoquc</strong></span> <span class='ocrx_word' id='word_1_247' title='bbox 1557 2872 1607 2920; x_wconf 91' lang='lat' dir='ltr'><em>B</em></span> <span class='ocrx_word' id='word_1_248' title='bbox 1631 2871 1781 2921; x_wconf 88' lang='lat' dir='ltr'><strong>simul</strong></span> 
     </span>
     <span class='ocr_line' id='line_1_40' title="bbox 86 2942 1779 3007; baseline 0.003 -19"><span class='ocrx_word' id='word_1_249' title='bbox 86 2942 188 2988; x_wconf 83' lang='lat' dir='ltr'><em>vim</em></span> <span class='ocrx_word' id='word_1_250' title='bbox 220 2942 401 2992; x_wconf 83' lang='lat' dir='ltr'><strong>codicis</strong></span> <span class='ocrx_word' id='word_1_251' title='bbox 432 2945 613 3005; x_wconf 83' lang='lat' dir='ltr'><strong>prioris</strong></span> <span class='ocrx_word' id='word_1_252' title='bbox 648 2944 869 2993; x_wconf 71' lang='lat' dir='ltr'><strong>familiae</strong></span> <span class='ocrx_word' id='word_1_253' title='bbox 901 2950 1131 3007; x_wconf 70' lang='lat' dir='ltr'><strong>expertus</strong></span> <span class='ocrx_word' id='word_1_254' title='bbox 1163 2945 1242 2995; x_wconf 82' lang='lat' dir='ltr'><em>sit.</em></span> <span class='ocrx_word' id='word_1_255' title='bbox 1304 2947 1362 2994; x_wconf 91' lang='lat' dir='ltr'><em>H</em></span> <span class='ocrx_word' id='word_1_256' title='bbox 1389 2949 1441 2994; x_wconf 79' lang='lat' dir='ltr'><em>et</em></span> <span class='ocrx_word' id='word_1_257' title='bbox 1481 2946 1528 2995; x_wconf 88' lang='lat' dir='ltr'><strong><em>V</em></strong></span> <span class='ocrx_word' id='word_1_258' title='bbox 1552 2946 1616 2994; x_wconf 82' lang='lat' dir='ltr'><em>ad</em></span> <span class='ocrx_word' id='word_1_259' title='bbox 1647 2946 1779 2994; x_wconf 81' lang='lat' dir='ltr'><strong>idem</strong></span> 
     </span>
    </p>
   </div>
  </div>
 </body>
</html>
