2026 3192
524 122 752 167 LIBANII
780 122 1039 167 LEGATIO
1073 122 1349 168 MENELAI
1710 125 1815 178 195

121 264 279 312 LaM
292 262 525 312 ViMaGl
543 263 638 324 Va,
679 279 736 310 ex
775 265 990 326 utraque
1029 265 1236 326 mixtae,
1268 265 1343 312 ita
1382 267 1551 314 tamen
1593 269 1648 313 ut
1679 268 1817 328 prior

119 338 423 400 praevaleat,
454 337 602 386 BPa.

230 412 290 459 H
303 411 397 460 VO
439 427 555 459 vero
602 410 666 458 ad
706 411 1048 475 apographum
1092 411 1304 460 redeunt
1348 413 1537 461 factum
1577 430 1602 462 e
1650 415 1815 463 codice

11 534 21 546 ,Α
120 486 257 534 cuius
288 485 533 547 reliquiae
565 485 618 532 in
648 485 971 547 palimpsesto
1001 485 1068 533 Gr
1098 488 1316 546 exstant,
1346 487 1468 535 item
1493 488 1543 535 B
1571 490 1621 534 et
1643 489 1720 536 Pa
1752 489 1813 536 ad

21 572 25 573 ’
119 575 427 608 communem
457 560 648 608 fontem
679 559 900 607 eiusdem
922 555 1143 608 familiae
1166 561 1391 626 redeunt,
1418 561 1470 608 in
1497 578 1642 624 quem
1667 563 1814 610 simul

117 635 353 683 lectiones
385 650 411 682 e
443 633 609 682 codice
642 636 854 696 cognato
887 649 998 681 cum
1028 633 1195 683 Maol
1224 635 1484 683 fluxerunt.

228 708 452 765 Alterius
485 708 656 756 classis
687 710 789 755 tres
829 709 945 756 sunt
984 708 1206 757 familiae
1246 709 1560 771 statuendae,
1604 726 1813 772 quarum

116 784 254 846 prior
293 783 459 831 codice
491 783 595 843 La,
637 781 851 830 secunda
889 781 1139 831 codicibus
1170 783 1237 829 M
1251 784 1414 831 ViMa
1429 783 1506 844 Ol,
1544 785 1696 832 tertia
1735 800 1811 834 co-

17 887 22 891 ·
117 857 222 904 dice
265 857 339 906 Va
378 855 672 905 continetur.
744 854 907 904 Codex
947 857 1008 905 Vi
1045 857 1177 904 inter
1207 858 1275 904 M
1309 860 1359 906 et
1397 859 1493 906 Ma
1506 857 1577 919 Ol,
1608 860 1812 921 propius

115 934 285 979 tamen
315 947 346 979 a
376 932 444 978 M
470 932 584 978 stat.
646 930 743 977 Ma
776 932 826 978 et
861 929 918 979 Ol
949 947 1007 979 ex
1047 931 1218 979 eodem
1256 931 1504 980 fluxerunt
1541 934 1813 995 exemplari

117 1005 250 1068 quod
282 1004 344 1053 ab
376 1004 846 1066 interpolationibus
877 1005 1010 1052 haud
1042 1005 1253 1053 liberum
1284 1006 1397 1054 fuit.
1443 1005 1514 1055 Of.
1546 1024 1594 1069 p.
1621 1008 1744 1068 280,
1765 1009 1810 1055 5.

227 1079 376 1127 Ratio
408 1080 567 1142 igitur
599 1094 726 1140 quae
756 1080 889 1126 inter
926 1079 1016 1127 hos
1049 1079 1241 1128 codices
1278 1081 1543 1129 intercedit
1579 1081 1672 1130 hoc
1711 1082 1811 1130 fere

115 1156 376 1202 stemmate
404 1153 710 1201 illustratur:

740 1351 770 1394 b

493 1478 551 1523 Cr
896 1333 1252 1558 Rs

258 1631 443 1901 sl
1040 1552 1896 1916 >Q

203 1902 258 2032 ss
443 1868 506 2035 &N
1089 1906 1139 1950 M
1195 1825 1377 2085 ,s
1428 1869 1467 2095 sl
1754 1876 1818 2060 s

1070 2247 1098 2290 s
1532 2230 1548 2274 l

224 2573 277 2622 Si
309 2574 368 2622 de
400 2576 559 2637 pretio
593 2575 810 2638 quaeris,
850 2575 930 2623 hic
969 2590 1165 2637 quoque
1203 2574 1341 2637 prior
1380 2572 1550 2621 classis
1590 2572 1802 2620 alteram

18 2643 23 2648 ’
110 2645 204 2695 fide
234 2647 286 2695 in
316 2648 600 2697 universum
632 2652 845 2711 superat.

224 2723 280 2769 H
283 2722 578 2787 ροθεωρία
602 2722 798 2770 Libanii
826 2723 877 2770 in
908 2722 1157 2785 plerisque
1189 2720 1437 2769 codicibus
1469 2720 1631 2782 periit.
1689 2719 1799 2766 Ser·

114 2797 230 2843 vata
268 2798 343 2844 est
379 2796 626 2845 codicibus
665 2797 740 2844 Pa
780 2799 830 2844 et
866 2795 1092 2844 Parisino
1127 2796 1266 2843 2961
1310 2787 1381 2860 (p.
1411 2795 1592 2854 161-n.
1622 2786 1715 2857 20)
1749 2795 1801 2839 et

114 2868 254 2916 2988
296 2862 365 2935 (p.
396 2871 496 2917 182
531 2886 577 2918 n.
605 2863 722 2937 52),
768 2885 891 2932 quos
928 2869 1115 2934 insigni
1153 2885 1271 2932 erga
1309 2884 1387 2916 me
1425 2867 1798 2915 benevolentiae

111 2940 313 2989 Hem-ici
358 2938 586 3006 Lebegue
633 2943 839 2995 collatos
886 2943 1052 2991 debeo.
1113 2943 1194 2990 Ad
1239 2956 1546 2991 communem
1591 2940 1800 2988 redeunt

1357 3023 1443 3067 13*
