2026 3192
325 918 609 982 Sequuntur
640 915 827 981 μελέται
858 934 986 980 quae
1019 918 1170 982 vulgo
1202 918 1450 967 dicuntur.
1520 918 1657 975 Quae
1689 919 1908 981 primum

213 1010 310 1042 uno
351 1009 552 1055 corpore
590 991 888 1041 constabant
917 992 1141 1054 pluribus
1172 992 1509 1041 voluminibus
1540 994 1906 1055 comprehenso,

213 1067 297 1116 sed
356 1069 470 1116 mox
523 1066 575 1114 id
634 1066 861 1114 mutilari
922 1068 1151 1129 coeptum
1206 1068 1300 1128 est,
1363 1065 1516 1115 donec
1566 1067 1630 1114 ad
1683 1067 1906 1130 singulas

212 1141 416 1191 binasve
463 1141 847 1189 declamationes
891 1140 1102 1189 devenit.
1160 1139 1348 1204 Corpus
1386 1141 1639 1204 integrum
1682 1141 1907 1189 codicum

215 1216 303 1278 qui
340 1215 488 1264 hodie
528 1217 727 1263 exstant
764 1214 903 1263 nullo
937 1216 1367 1277 repraesentatur,
1402 1215 1688 1263 mutilatum
1718 1215 1905 1263 multis.

214 1289 292 1338 Ab
338 1289 414 1337 his
467 1290 667 1352 quidem
715 1284 1092 1352 ‘corporalibus'
1141 1286 1392 1337 codicibus
1444 1289 1737 1352 seiungendi
1789 1290 1908 1338 sunt

215 1359 490 1427 ‘eclogarii'
525 1364 611 1426 qui
642 1365 808 1426 spreto
833 1363 1004 1412 ordine
1029 1363 1247 1426 corporis
1272 1363 1466 1427 eclogas
1489 1353 1907 1412 declamationum

216 1437 279 1486 ad
309 1436 567 1485 libidinem
597 1438 756 1486 factas
787 1437 1043 1499 praebent.
1107 1436 1326 1495 Quorum
1355 1452 1588 1486 numerus
1618 1437 1720 1485 illis
1753 1437 1906 1485 etiam

214 1513 375 1560 maior
398 1513 486 1574 est,
517 1511 761 1560 maximus
786 1527 904 1560 vero
929 1511 1335 1560 scholasticorum
1358 1511 1583 1559 codicum
1593 1504 1636 1578 1)
1670 1512 1757 1573 qui
1779 1511 1907 1560 nihil

214 1587 313 1634 nisi
344 1586 566 1650 singulas
605 1585 718 1633 illas
757 1584 960 1635 binasve
1004 1585 1389 1634 declamationes
1436 1585 1616 1634 scholis
1663 1587 1906 1634 tractatas

217 1659 487 1721 continent,
517 1657 896 1724 πρεσβευτικοὺς
929 1656 1164 1709 Μενέλεω
1197 1661 1246 1708 et
1265 1653 1536 1718 Ὀδυσσέως
1570 1675 1695 1721 quae
1727 1674 1906 1723 agmen

215 1734 267 1782 in
307 1749 510 1797 corpore
550 1734 815 1796 duxerunt,
863 1733 943 1781 vel
974 1732 1216 1782 δύσκολον
1246 1731 1471 1798 γήμαντα
1510 1731 1656 1781 λάλον
1694 1736 1906 1798 γυναῖκα

217 1823 345 1870 quae
374 1808 541 1870 lepore
573 1807 765 1856 animos
802 1808 1076 1870 legentium
1114 1823 1227 1856 cum
1265 1808 1476 1855 maxime
1515 1807 1722 1855 allicuit.
1784 1806 1905 1855 Illas

217 1881 370 1930 etiam
400 1882 452 1929 in
484 1881 701 1930 editione
732 1896 911 1945 agmen
941 1881 1118 1930 ducere
1148 1895 1344 1930 necesse
1375 1882 1540 1930 visum
1571 1883 1661 1929 est.

338 2039 380 2095 1)
413 2037 472 2082 cf
497 2039 531 2081 t.
556 2037 577 2080 1
607 2052 653 2094 p.
680 2041 778 2082 321.
