2026 3192
573 121 1008 166 THEMISTOCLIS
1040 121 1126 165 AN
1128 121 1372 166 TILOGIA
1709 120 1815 173 507

123 279 292 330 μενος
343 259 453 312 ὑπὸ
507 268 620 312 τῶν
679 258 991 328 ὑβρικότων
1055 256 1142 310 ε’πὶ
1203 261 1414 327 κλῆρον
1474 258 1566 310 καὶ
1626 255 1820 326 κέρδος

123 347 311 419 τρέχω.

237 437 325 490 43.
375 439 567 507 Πατὴρ
615 437 717 491 οὐκ
763 439 879 490 ἔστι
925 457 1019 506 μοι
1067 440 1316 504 Νεοκλῆς
1362 434 1452 489 καὶ
1499 443 1670 488 ταῦτα
1715 438 1822 500 ζῶν

124 524 224 596 ἔτι,
264 524 383 579 ἀλλ’
430 524 582 580 ἔστιν
620 525 819 595 ἕτερος,
860 527 908 579 εἰ
948 527 1117 588 δίδως
1156 527 1349 593 εἰπεῖν,
1400 527 1649 593 βελτίων,
1690 524 1719 578 6
1759 525 1821 578 τὸ

125 615 263 684 μέγα
309 613 475 684 ἔργον
523 615 894 686 ἐργασάμενος
941 615 969 668 6
1019 616 1215 684 δῆμος,
1262 614 1290 667 6
1336 621 1433 682 τῆς
1486 611 1587 683 μὲν
1641 615 1820 684 χώρας
1868 632 1888 665 5

126 705 498 773 ἀνθελόμενος
536 707 638 774 τὴν
674 705 983 772 θάλατταν,
1030 706 1132 773 τὴν
1178 705 1362 773 χώραν
1414 700 1476 755 δὲ
1516 703 1691 772 αὐτὴν
1730 704 1822 756 διὰ

126 803 222 863 τῆς
259 795 536 863 θαλάττης
574 793 885 863 ἀπολαβών.
924 802 1124 847 τοῦτον
1162 793 1492 863 θεραπεύων
1530 790 1620 845 καὶ
1659 795 1820 859 μείζω

124 893 304 937 ποιῶν
342 881 627 951 βιώσομαι.
678 883 825 953 παρὰ
862 884 1066 936 τούτου
1105 880 1412 952 τιμώμενος
1450 884 1555 951 ε”χω
1594 882 1697 950 τὴν
1735 901 1821 950 με·

126 975 322 1041 γίστην
376 973 588 1026 οὐσίαν.
652 974 721 1025 σὺ
777 970 826 1025 δ’
887 971 1237 1040 ἀνοικοδόμει
1299 968 1401 1041 μὲν
1461 971 1563 1038 τὴν
1624 971 1821 1039 οἰκίαν,

127 1060 299 1127 ἔξεστι
354 1062 485 1131 γάρ,
540 1062 647 1134 ὅτῳ
707 1059 769 1115 δὲ
822 1062 889 1115 τὰ
943 1069 1151 1115 σαυτοῦ
1205 1061 1462 1134 παραδῷς
1521 1060 1655 1129 μετὰ
1709 1069 1820 1112 τῶν
1845 1079 1888 1111 10

127 1154 308 1220 φίλων
355 1154 561 1204 σκόπει.
615 1151 688 1214 ὡς
741 1153 927 1220 ἔμοιγε
981 1151 1049 1204 οὐ
1093 1153 1271 1218 μόνον
1317 1151 1594 1203 εἰσελθεῖν
1648 1148 1821 1202 ἐκεῖσε

128 1242 400 1309 φοβερόν,
448 1240 588 1293 ἀλλὰ
632 1239 737 1293 κᾶν
781 1241 930 1310 παρὰ
975 1241 1072 1302 τὰς
1117 1240 1299 1310 θύρας
1339 1249 1469 1308 στῶ,
1517 1241 1821 1308 πλήττομαι

127 1331 230 1399 τὴν
267 1330 453 1399 ψυχὴν
491 1329 599 1382 ὑπὸ
639 1337 734 1399 τῆς
773 1331 986 1399 μνήμης
1026 1325 1104 1382 ὧν
1143 1326 1372 1382 ἔπαθον.

250 1495 276 1534 5
309 1489 406 1548 6(l)
430 1504 506 1534 om
532 1490 570 1535 Ο
687 1495 712 1534 8
746 1489 1013 1547 ὁρμώμενος
1035 1492 1082 1535 Β
1211 1494 1236 1533 9
1269 1488 1569 1546 ἀνοικοδόμει
1600 1488 1765 1544 scripsi
1796 1501 1820 1531 e

131 1550 352 1596 GLILau
382 1551 436 1593 ut
468 1549 573 1594 coni
602 1550 671 1593 Re
733 1546 794 1593 ἂν
825 1550 1062 1607 οἰκοδόμει
1086 1551 1132 1594 Β
1164 1549 1256 1593 edd
1390 1553 1445 1593 10
1478 1548 1565 1607 ὅτῳ
1598 1547 1765 1604 scripsi
1795 1560 1821 1590 e

132 1609 354 1655 GLILau
383 1611 438 1653 ut
469 1609 574 1655 coni
605 1609 673 1654 Re
742 1608 860 1655 οὕτω
887 1612 933 1655 Β
965 1610 1057 1654 edd
1084 1613 1090 1665 Ι
1119 1608 1171 1654 δὲ
1195 1610 1239 1653 L
1278 1609 1361 1654 sed
1394 1608 1444 1652 in
1477 1608 1684 1665 δηλονὼς
1720 1620 1823 1651 corr

128 1669 200 1712 m²
226 1671 233 1726 Ι
260 1670 370 1713 ante
398 1677 493 1715 τῶν
522 1682 598 1714 ras
632 1674 657 1712 2
688 1669 768 1712 litt
792 1670 828 1713 I
943 1674 996 1714 12
1029 1677 1118 1713 στῶ
1150 1683 1225 1713 om
1251 1669 1290 1714 G
