2026 3192
575 119 1011 164 THEMISTOGLIS
1043 118 1375 163 ANTILOGIA
1714 118 1818 170 501

130 265 566 325 καταναυμαχῶν
604 264 825 326 πρᾶγμα
864 256 1043 319 δείξας
1082 253 1415 308 ἀνέλπιστον
1440 253 1666 322 ’Ἕλλησι
1697 257 1826 323 βαρ-

130 346 339 414 βάρους
391 342 488 414 ὑφ’
538 344 691 414 ἡμῶν
747 345 882 397 κατὰ
935 345 1218 396 θάλατταν
1272 342 1628 411 ἡττωμένους.
1695 342 1816 395 ἀλλ’

132 433 330 487 ἐκεῖνοι
369 431 472 503 μὲν
518 433 781 501 ἡττῶντο,
827 434 888 486 τὸ
939 433 1000 486 δὲ
1048 434 1150 485 σὸν
1195 432 1332 502 πρὸς
1380 428 1470 498 ἐμὲ
1515 441 1676 499 μῖσος
1724 433 1825 485 οὐκ

131 522 361 576 ἐνικᾶτο.
419 523 592 586 οὕτως
646 519 716 591 ἧν
769 524 911 575 πολὺ
966 520 1055 575 καὶ
1110 520 1247 590 μέγα
1301 519 1391 573 καὶ
1443 523 1681 590 μόνιμον
1721 520 1825 574 καὶ

130 613 412 681 ἀήττητον.
1873 630 1892 662 5

243 700 328 753 32.
367 703 565 753 Καίτοι
605 702 741 771 πρὸς
779 701 921 769 ὑμᾶς
961 703 1147 768 ἔλεγεν
1185 699 1457 768 ὠςχφίλος
1495 695 1564 766 ἦν
1604 719 1697 767 μοι
1737 700 1825 752 καὶ

130 792 224 843 διὰ
261 798 433 842 ταῦτα
472 786 599 858 παρ’
647 789 794 861 αὐτῷ
843 789 1056 842 λελύκει
1103 789 1205 856 τὴν
1252 786 1615 857 ἀποκήρυξιν,
1670 788 1825 858 εἰρω-

131 882 444 948 νευόμενος,
483 875 525 931 ὦ
566 879 766 946 ἄνδρες
806 879 1078 930 δικασταί·
1135 879 1217 939 τίς
1264 878 1368 947 γὰρ
1417 876 1486 929 ἂν
1530 875 1589 930 ἐκ
1630 877 1826 945 δυσμε-

132 976 265 1030 νοῦς
292 968 547 1036 Ιγεγονὼς
586 970 751 1036 φίλος
790 967 879 1019 καὶ
919 975 1095 1037 πρᾷος
1136 966 1192 1019 ἐκ
1233 969 1473 1035 χαλεποῦ
1504 964 1654 1019 τοῦτ’
1693 966 1825 1018 αὐτὸ

129 1058 267 1125 πρὸς
313 1056 526 1110 ἐκεῖνον
576 1058 675 1109 τὸν
729 1057 1033 1126 ἄνθρωπον
1086 1056 1224 1125 πρὸς
1279 1054 1345 1107 ὃν
1400 1055 1544 1107 οὕτω
1603 1054 1825 1123 διετέθη
1852 1076 1893 1107 ιο

130 1147 482 1213 κατώκνήσεν
529 1145 599 1198 ἂν
646 1147 844 1214 εἰπεῖν,
899 1144 1097 1208 οὐδείς.
1152 1142 1364 1214 ἔχθραν
1417 1141 1519 1213 μὲν
1569 1144 1673 1212 γὰρ
1721 1145 1825 1212 ἤδη

130 1254 212 1296 τις
252 1237 492 1303 ἔκρυψεν
532 1235 605 1297 ὡς
646 1233 707 1288 ἐν
739 1237 971 1303 σχήματι
1005 1237 1211 1303 φιλιάς,
1245 1237 1407 1302 φίλος
1439 1230 1498 1285 δὲ
1531 1231 1611 1285 ὢν
1643 1231 1828 1294 οὐδεὶς

133 1324 424 1395 ἠβουλήθη
465 1324 741 1391 δυσμενὴς
781 1317 923 1376 εἶναι
965 1325 1164 1376 δοκεῖν.
1213 1321 1271 1375 ἐκ
1317 1322 1419 1389 μὲν
1465 1323 1570 1390 γὰρ
1610 1320 1826 1374 ἐκείνου

130 1421 306 1486 κακῶς
343 1432 400 1464 τε
439 1420 709 1466 ποιοῦντα
748 1413 1055 1465 λανθάνειν
1093 1410 1208 1465 ἔστι
1247 1410 1337 1464 καὶ
1376 1412 1448 1479 μὴ
1488 1416 1717 1478 παθεῖν,
1767 1409 1828 1462 ἐν

130 1498 407 1572 τούτῳδὲ
436 1502 514 1561 ,οὐ
554 1509 824 1554 ποιοῦντα
860 1507 1161 1570 μισεῖσθαι.
1239 1500 1323 1575 33.
1365 1503 1422 1552 τί
1449 1501 1552 1569 γὰρ
1586 1497 1828 1552 ἐκώλυεν
1853 1521 1894 1553 15

131 1582 172 1660 ᾧ
207 1593 328 1642 τότε
368 1591 503 1657 πρὸς
535 1591 636 1658 τὴν
669 1588 1006 1660 ἀποκήρυξιν
1039 1588 1250 1658 ἐχρήσω
1283 1589 1450 1658 τάχει,
1489 1589 1666 1660 τούτῳ
1699 1590 1827 1658 χρή-

133 1683 339 1733 σασθαι
378 1680 515 1747 πρὸς
553 1681 619 1732 τὰ
657 1679 819 1748 ἡδίως
860 1680 1050 1748 qudoa
1090 1678 1181 1732 καὶ
1214 1679 1394 1731 Σάκαι
1427 1679 1515 1731 καὶ
1550 1675 1826 1747 Ὑρκάνιοι

131 1769 217 1820 καὶ
262 1768 294 1836 ἡ
334 1770 508 1836 πολλὴ
548 1768 816 1837 βασιλέως
856 1769 971 1838 χεὶρ
1011 1767 1216 1821 ἐκώλυε
1255 1774 1428 1823 ταῦτα
1466 1768 1537 1835 μὴ
1578 1772 1826 1835 πραχθῆ-

131 1876 222 1909 ναι
276 1855 366 1909 καὶ
421 1858 708 1910 δεινότατα
771 1858 994 1910 πάντων
1055 1854 1285 1925 ἔπασχες
1347 1855 1663 1924 ἀνθρώπων
1726 1855 1827 1908 οὐκ

131 1944 368 2013 ἐώμενος
413 1944 792 2010 ἐπιδείξασθαι
839 1947 935 2008 τὰς
966 1946 1303 2014 -διαλλαγάςς
1356 1945 1384 1997 ὃ
1426 1953 1533 1997 νῦν
1585 1946 1742 2015 δρᾷς,
1784 1941 1825 1997 ὦ
1851 1966 1893 1998 20

194 2153 197 2155 -
251 2126 276 2163 8
312 2121 478 2180 [Dem.]
511 2137 554 2178 p.
585 2126 710 2176 1394,
732 2127 784 2165 13

252 2290 276 2327 2
310 2282 395 2339 ὑφ’
431 2285 619 2341 reposui
651 2299 675 2328 ο
707 2284 839 2328 libris
876 2286 928 2327 ut
961 2284 1064 2328 coni
1095 2283 1163 2327 Re
1241 2281 1316 2338 ἐφ’
1357 2283 1446 2326 edd
1592 2287 1617 2325 3
1656 2281 1708 2327 τὸ
1743 2281 1824 2327 σὸν

132 2343 182 2386 δὲ
209 2346 236 2387 1
356 2348 383 2386 4
408 2344 488 2388 καὶ
513 2345 622 2388 anie
645 2344 763 2387 πολὺ
788 2345 817 2388 1
843 2346 848 2401 Ι
876 2344 1027 2399 nam)
1052 2357 1127 2387 om
1147 2343 1184 2386 C
1303 2347 1328 2385 6
1361 2343 1480 2398 ὑμᾶς
1505 2344 1539 2386 Ι
1556 2342 1638 2386 sed
1663 2359 1692 2385 υ
1716 2355 1772 2385 ex
1796 2360 1823 2398 η

133 2416 234 2446 con·
264 2403 334 2445 111²
455 2407 477 2445 7
513 2404 741 2447 διαταῦτα
766 2404 811 2447 Β
862 2405 866 2459 Ι
916 2403 996 2446 καὶ
1028 2405 1137 2446 ante
1169 2400 1282 2456 παρ’
1314 2403 1348 2445 Ι
1390 2406 1395 2456 Ι
1446 2401 1570 2459 αὑτῷ
1600 2401 1765 2457 scripsi

133 2462 256 2505 αὐτῶ
292 2462 484 2506 GBLau
530 2462 692 2514 ,ἑαυτῶ
718 2464 746 2506 1
807 2463 950 2506 αὐτοῦ
984 2462 1028 2506 L
1059 2461 1150 2505 edd
1271 2465 1297 2504 8
1329 2462 1569 2514 δυσμενῶν
1598 2462 1706 2505 Lau

133 2526 158 2563 9
191 2527 340 2575 πρᾶος
364 2523 399 2564 Ι
536 2526 587 2564 11
624 2521 802 2578 ἔχθραν
828 2549 882 2554 -
911 2526 964 2564 13
998 2523 1154 2564 ὸοκεῖν
1195 2520 1311 2564 citat
1350 2520 1522 2563 omissa
1559 2519 1647 2576 γὰρ
1678 2519 1822 2575 patti-

133 2580 238 2622 cula
270 2580 402 2623 fioril.
435 2579 630 2637 Neapol.
660 2580 738 2624 fol.
765 2585 850 2624 285
977 2585 1027 2623 12
1061 2578 1131 2631 τίς
1155 2581 1263 2624 Lau
1324 2580 1393 2630 τὶς
1417 2580 1461 2623 Β
1490 2579 1496 2636 Ι
1524 2579 1585 2629 ὡς
1617 2593 1690 2622 om
1716 2579 1825 2622 Lau

193 2640 271 2682 καὶ
305 2639 406 2682 coni
441 2638 598 2683 Gasda,
720 2645 774 2683 13
808 2638 1039 2697 ἐβουλήθη
1069 2638 1105 2683 0
1226 2644 1280 2683 14
1310 2655 1358 2683 τε
1383 2639 1426 2682 L
1452 2638 1532 2682 sed
1563 2654 1582 2681 ε
1608 2637 1656 2680 in
1682 2655 1698 2680 ι
1725 2651 1824 2680 corr

131 2697 214 2751 ω’,
247 2699 356 2742 Lau
389 2699 470 2742 sed
503 2713 523 2741 ε
556 2711 610 2742 ex
635 2715 651 2743 ι
684 2713 785 2741 corr
870 2727 872 2730 -
908 2704 960 2742 15
995 2696 1044 2742 εὖ
1069 2699 1103 2740 Ι
1221 2702 1273 2741 17
1307 2697 1367 2754 μὴ
1400 2699 1508 2740 θυῖε
1541 2700 1678 2753 μῆδοι
1704 2696 1831 2740 BLI

135 2757 244 2806 Lau
268 2757 357 2800 edd
422 2757 572 2801 delevi
634 2757 677 2801 οἱ
710 2758 781 2800 vel
807 2757 851 2801 οἱ
876 2758 934 2814 δὴ
960 2757 1062 2801 coni
1086 2757 1251 2800 Iacobs
1276 2757 1388 2801 Lect
1416 2760 1498 2800 119
1521 2758 1533 2815 ΑΙ
1562 2757 1641 2799 καὶ
1666 2754 1823 2799 Σάκαι

133 2815 308 2859 inserui
340 2829 364 2859 e
392 2817 430 2860 O
486 2830 560 2860 om
587 2817 818 2861 BLILau
844 2817 933 2860 edd
1058 2820 1112 2859 18
1138 2815 1304 2860 ἐκώλυε
1330 2815 1495 2871 scripsi
1521 2829 1544 2858 e
1572 2814 1765 2859 OBLau
1807 2851 1810 2853 .

134 2874 330 2921 ἐκώλυσε
355 2876 432 2919 LI
458 2875 548 2918 edd
672 2880 726 2919 19
750 2877 831 2919 καὶ
855 2889 929 2919 om
955 2877 988 2919 Ι
1103 2879 1158 2917 20
1185 2875 1299 2932 ἔχων
1327 2876 1365 2920 0
1389 2878 1394 2931 Ι
1423 2875 1607 2932 signum
1630 2874 1823 2918 interro-

134 2933 338 2989 gationis
371 2935 518 2990 posui,
552 2936 776 2990 punctum
809 2934 916 2978 libri
950 2935 1038 2977 edd
1067 2938 1072 2990 1
1101 2932 1131 2977 ἃ
1158 2936 1191 2977 Ι
