2026 3192
649 138 896 184 ORESTIS
928 138 1226 184 DEFENSIO
1667 138 1772 191 397

85 278 216 331 ὅτου
261 275 455 345 γέγονε
501 284 685 329 ταῦτα.
741 275 874 346 πρὶν
919 277 1024 346 γὰρ
1073 275 1374 345 ἀφικέσθαι
1420 276 1518 328 τὸν
1571 275 1776 346 πατέρα

84 365 172 419 καὶ
213 366 315 435 τὴν
349 366 696 435 αἰχμάλωτον
728 366 883 434 ἄγειν
915 364 1124 434 ἀδήλου
1156 371 1255 418 τοῦ
1287 364 1585 434 μέλλοντος
1616 366 1776 428 ὄντος

86 454 361 524 Αἴγισθος
404 451 537 523 ἦγεν
583 454 714 523 ἡμῖν
759 455 861 523 τὴν
908 455 1088 508 οἰκίαν
1134 454 1223 507 καὶ
1271 454 1447 507 πάντα
1495 449 1565 522 ἦν
1611 454 1777 517 αὐτὸς

83 552 147 615 τῇ
186 546 364 613 μητρί.

195 648 281 701 39.
321 646 500 701 Ἀλλὰ
537 649 796 718 κρίνειν
835 645 968 701 ἔδει
1007 649 1124 716 τὴν
1161 646 1402 717 μητέρα
1449 648 1553 700 καὶ
1594 649 1774 701 δικα-

85 739 322 809 στηρίῳ
377 737 833 805 παραδιδόναι.
888 744 1082 790 τοῦτο
1137 737 1257 807 γὰρ
1304 735 1408 790 καὶ
1455 737 1569 789 τὸν
1615 739 1776 790 θεὸν

84 826 330 894 δηλοῦν
391 834 704 896 τιμωρεῖν
765 825 1042 894 λέγοντα
1096 833 1178 898 τῷ
1240 828 1449 895 πατρί.
1513 827 1692 879 ἔοικεν
1746 825 1774 878 ὁ

82 918 384 985 κατήγορος
436 914 745 984 ἀντιλέγειν
794 918 969 985 μόνον
1018 914 1417 969 ἐσπουδακέναι
1463 915 1554 968 καὶ
1599 914 1777 967 πάντα

84 1004 265 1071 λέγειν
320 1003 570 1073 ἑτοίμως,
626 1006 674 1058 εἰ
729 1002 788 1058 δὲ
844 1005 1069 1067 δικαίως
1122 1004 1154 1073 ἢ
1211 1004 1436 1072 ἀδίκως,
1499 1003 1566 1057 οὐ
1627 1004 1775 1057 πάνυ

83 1097 411 1162 φροντίζειν.
459 1101 564 1147 νῦν
602 1091 705 1161 μὲν
743 1095 847 1164 γὰρ
900 1092 970 1146 δι’
1019 1095 1247 1164 αἰσχρᾶς
1297 1093 1595 1162 ἀπολογίας
1635 1091 1776 1146 ἐπει-

83 1191 215 1252 ρᾶτο
254 1184 557 1236 καλύπτειν
593 1184 660 1236 τὰ
696 1182 1074 1253 πεπραγμένα,
1121 1191 1229 1236 νῦν
1268 1180 1330 1236 δὲ
1367 1185 1526 1250 μόλις
1565 1185 1776 1251 μετατί-

83 1277 242 1326 θεται
288 1273 379 1326 καὶ
426 1274 527 1342 τὴν
573 1274 755 1326 αἰτίαν
805 1271 1092 1342 ὁμολογῶν
1140 1268 1218 1326 ὧν
1264 1273 1604 1341 εἰργάσμεθα
1652 1271 1777 1342 περὶ

82 1369 181 1414 τοῦ
222 1363 428 1432 τρόπου
468 1370 562 1430 τῆς
601 1363 864 1430 τιμωρίας
904 1361 1033 1431 ἡμῖν
1069 1360 1356 1430 ἀντιλέγει.
1433 1361 1521 1415 40.
1561 1361 1628 1415 οὐ
1668 1362 1776 1430 μὴν

83 1447 198 1503 ἀλλ’
253 1449 482 1519 ἐρέσθαι
530 1458 729 1504 τοῦτον
773 1451 1028 1504 ε’ναντιόν
1067 1451 1226 1520 ὑμῶν
1264 1451 1556 1520 βούλομαι·
1611 1449 1774 1518 εἰπέ,

0 1607 2 1613 Ι
82 1541 242 1610 πρὸς
281 1542 466 1606 Διός,
511 1542 792 1608 πότερον
840 1538 928 1593 ἐπ’
984 1540 1254 1609 ἀδήλοις
1301 1538 1774 1609 ἐγκλήμασινὴ

0 1628 3 1688 ξ
82 1631 284 1698 μήτηρ
334 1625 674 1699 ἀνῄρηται;
728 1637 892 1683 τοῦτο
939 1626 1042 1698 μὲν
1089 1630 1191 1682 οὐκ
1237 1628 1307 1682 ἄν
1347 1634 1491 1682 εἴποι
1529 1627 1655 1699 παρ’
1704 1630 1776 1682 εἰ-

83 1719 243 1771 δόσιν
282 1717 428 1788 ὑμῑν.
460 1726 731 1771 τοσοῦτον
768 1719 872 1786 γὰρ
915 1719 1299 1789 δυστυχοῦμεν
1345 1718 1418 1781 ὡς
1457 1718 1554 1781 τὰς
1591 1716 1775 1787 ἡμετέ-

83 1827 182 1877 ρας
228 1807 572 1877 δυσπραγίας
619 1815 789 1860 πᾶσιν
837 1807 1133 1875 ἐγνῶσθαι.
1187 1817 1299 1861 τῶν
1352 1808 1455 1876 γὰρ
1504 1805 1563 1859 ἐκ
1609 1807 1775 1876 τύχης

84 1894 381 1965 ἐπισήμων,
422 1895 540 1949 εἴθε
573 1893 633 1949 δὲ
666 1896 879 1949 τούτων
911 1896 1012 1950 οὐκ
1042 1892 1197 1966 ἦμεν,
1235 1898 1326 1951 καὶ
1357 1897 1422 1950 τὰ
1454 1896 1606 1964 πάθη
1642 1903 1776 1948 πᾶσι

82 1985 418 2053 κηρύττεται.
495 1984 582 2037 41.
623 1987 673 2038 εἰ
719 1985 781 2037 δὲ
826 1985 1114 2054 ὁμολογῶν
1160 1986 1226 2038 τὰ
1272 1983 1577 2054 ἐγκλήματα
1625 1986 1775 2038 δικα-

203 2195 228 2233 2
268 2189 510 2247 μέλλοντος
543 2192 632 2235 Μα
664 2191 745 2234 sed
777 2190 907 2235 έλλον
945 2190 995 2233 in
1034 2204 1110 2235 ras
1141 2191 1211 2234 m³
1272 2208 1325 2248 με
1358 2192 1434 2236 La
1577 2195 1603 2234 3
1644 2190 1775 2248 ἡμῶν

86 2251 174 2294 Μα
206 2251 287 2294 sed
321 2257 364 2295 ῖν
398 2264 538 2306 supra
562 2257 626 2294 ῶν
651 2250 720 2293 m³
747 2252 753 2307 Ι
782 2251 856 2294 ἐπὶ
882 2253 989 2294 ante
1013 2250 1098 2306 τὴν
1121 2250 1246 2294 inser
1271 2250 1332 2294 M.
1361 2250 1574 2294 Schmidt
1606 2249 1772 2294 Philol.

83 2309 124 2352 X
150 2314 234 2353 616
261 2309 363 2353 coll.
389 2309 518 2354 Dem.
536 2325 580 2366 p.
601 2313 701 2363 608,
722 2314 775 2353 15
899 2314 922 2352 7
947 2317 1162 2366 τιμωρεῖν
1188 2311 1359 2366 δηλοῦν
1386 2310 1491 2353 HV
1607 2314 1660 2354 10
1686 2309 1774 2367 γὰρ

85 2382 160 2412 om
187 2369 243 2413 Vi
365 2374 416 2412 11
451 2369 700 2413 καλύπτειν
728 2370 785 2413 Vi
816 2369 897 2412 sed
929 2369 1150 2423 κρύπτειν
1182 2370 1231 2412 in
1263 2382 1396 2427 marg
1423 2368 1493 2411 ω’
1552 2369 1774 2424 κρύπτειν

84 2428 130 2471 Β
157 2430 163 2484 1
191 2425 496 2472 κατατίθεται
531 2429 620 2472 Μα
652 2427 734 2472 sed
765 2444 818 2484 με
854 2442 994 2485 supra
1026 2445 1085 2471 κα
1117 2429 1187 2471 111³
1320 2434 1373 2472 12
1406 2425 1564 2472 αἰτίαν
1607 2429 1663 2473 Vc·
1694 2428 1775 2472 sed

84 2485 222 2539 ἀξίαν
254 2487 303 2530 in
338 2501 471 2544 marg
501 2488 571 2530 m’
631 2485 770 2540 ἀξίαν
802 2488 997 2533 BMaCl
1024 2490 1030 2544 Ι
1059 2487 1264 2545 ὁμολογῶ
1296 2489 1354 2532 H
1470 2492 1524 2532 13
1555 2486 1777 2545 τιμωρίας

21 2558 26 2570 “
92 2546 150 2590 Vi
181 2546 262 2589 sed
285 2546 517 2603 πονηρίας
539 2547 588 2589 in
613 2560 746 2604 marg
769 2546 839 2589 m²
962 2552 1015 2590 14
1043 2546 1234 2602 ἔρεσθαι
1258 2547 1316 2591 H
1322 2546 1514 2591 VVaLa
1527 2547 1733 2592 ViMaCl
1765 2547 1770 2605 Ι

24 2620 25 2623 ’
83 2605 276 2656 τούτους
306 2605 408 2650 Mor
530 2610 583 2648 16
618 2602 703 2650 οὖν
735 2608 843 2649 ante
876 2606 961 2650 οὐκ
993 2607 1068 2650 La
1193 2610 1244 2648 17
1278 2612 1498 2651 τοσοῦτον
1524 2632 1578 2639 -
1605 2611 1661 2650 20
1693 2623 1774 2662 κη·

86 2663 294 2718 ρύττεται
327 2665 444 2708 citat
481 2664 597 2707 Plan
631 2664 696 2708 fol
724 2669 826 2708 105³
875 2669 880 2721 Ι
932 2667 1288 2721 δυσπραγοῦμεν
1323 2665 1384 2708 M
1391 2666 1448 2709 Vi
1486 2665 1567 2709 sed
1605 2666 1655 2709 in
1687 2665 1775 2709 hoc

85 2726 396 2781 δυστυχοῦμεν
428 2724 476 2767 in
501 2738 636 2781 marg
658 2723 740 2779 m²‚
771 2724 839 2767 Re
963 2729 1017 2767 18
1042 2731 1133 2768 τῶν
1159 2750 1213 2756 —
1240 2728 1295 2767 20
1327 2724 1598 2780 κηρύττεται
1628 2725 1774 2780 parti-

86 2782 192 2826 cula
223 2782 310 2839 γὰρ
344 2783 515 2826 omissa
546 2782 662 2826 citat
692 2783 851 2826 Macar
873 2783 939 2828 fol
963 2789 1044 2827 84v
1166 2788 1219 2826 19
1253 2783 1382 2839 ἡμεῖς
1411 2786 1519 2840 post
1534 2782 1774 2839 ἐπισήμων

4 2835 6 2842 ⁴
89 2842 149 2885 M
175 2843 223 2884 et
246 2842 370 2885 inser
396 2842 507 2886 Ma⁸
530 2842 598 2885 Re
660 2856 734 2886 om
766 2842 936 2899 reliqui
966 2842 1075 2886 libri
1107 2843 1186 2885 sed
1219 2842 1269 2885 in
1301 2841 1375 2886 lac
1410 2847 1580 2887 11—12
1607 2842 1774 2897 11ttVi,

6 2934 7 2937 ,
86 2898 203 2943 Plan
233 2900 393 2945 Macar
423 2899 526 2945 Mor
586 2900 737 2945 delevi
771 2903 778 2957 Ι
820 2901 922 2946 εἴθε
945 2898 1136 2958 -ἦμεν
1169 2915 1244 2945 om
1275 2901 1434 2946 Macar
1554 2906 1609 2944 20
1642 2905 1773 2947 δικα-

87 2966 203 3003 στῶν
234 2972 308 3002 om
335 2958 388 3004 01
450 2961 574 3003 inser
608 2959 718 3004 Ma⁸

1800 1115 1843 1148 10

1800 1562 1841 1595 15

1800 2007 1843 2039 20
