2026 3192
352 163 382 200 3
470 140 741 186 AGHILLIS
774 140 856 184 AD
890 139 1122 184 ULIXEM
1153 139 1486 184 ANTILOGIA
1696 140 1800 193 301

108 285 301 345 scripto
341 280 546 345 „Oriens
581 275 921 329 Christianus“
959 283 995 328 t.
1019 280 1119 327 VH
1152 274 1410 347 (Mosquae
1448 275 1613 347 1880)
1644 298 1692 343 p.
1720 282 1803 329 95.

111 357 175 406 In
214 357 442 420 catalogo
474 372 504 403 a
534 355 586 403 P.
622 355 763 418 Spyr.
795 354 1009 402 Lambro
1057 356 1278 403 confecto
1326 372 1437 403 eum
1483 371 1582 402 non
1627 356 1804 417 reperis

114 432 344 479 Fortasse
374 430 428 478 in
459 429 761 478 bibliotheca
799 428 1094 491 Batopaedii
1125 430 1204 477 vel
1234 429 1428 476 Laurae
1459 429 1599 476 latet.

226 505 302 553 Ex
345 504 422 553 his
463 504 662 566 quidem
700 519 822 565 quos
868 502 921 550 in
960 518 1158 552 censum
1199 503 1445 551 vocandos
1484 518 1587 551 esse
1628 504 1805 564 putavi

106 580 280 627 decem
310 578 502 627 codices
530 577 665 626 CrH
677 578 793 626 VM
796 578 879 625 La
897 577 1274 626 ViMaBLawr
1286 576 1393 626 Can
1422 578 1476 623 in
1504 577 1627 625 duas
1652 577 1802 625 disoe-

108 653 240 701 dunt
291 652 524 701 familias.
601 651 787 699 Prioris
842 653 958 700 sunt
1004 652 1194 699 codices
1245 651 1379 717 GrH
1393 650 1508 699 VM
1511 652 1593 699 La
1612 651 1671 700 Vi
1718 651 1804 699 sed

111 743 273 790 pauca
316 727 368 774 in
409 727 475 776 Cr
522 727 687 774 codice
734 725 1072 788 palimpsesto,
1119 726 1256 773 fonte
1295 725 1544 774 communi
1583 726 1803 772 omnium

112 801 257 850 huius
289 801 512 850 familiae
545 801 782 861 codicum,
813 801 915 864 legi
944 802 1168 861 possunt,
1212 800 1256 847 V
1289 799 1487 847 demum
1526 799 1615 847 sub
1653 799 1803 846 finem

108 869 184 941 (p.
211 877 332 937 331,
354 869 410 941 7)
433 875 626 936 incipit,
649 875 717 921 M
742 875 891 936 paulo
922 877 1036 936 post
1058 874 1260 922 initium
1285 869 1354 939 (p.
1383 874 1504 934 308,
1524 868 1580 939 6)
1607 873 1801 921 desinit.

112 949 154 998 E
191 949 257 998 Gr
293 949 393 997 tria
432 953 549 997 sunt
593 950 729 997 facta
768 949 1077 1012 apographa,
1127 964 1152 996 e
1185 964 1394 1010 quorum
1432 963 1531 996 uno
1564 948 1623 995 H
1657 949 1707 995 et
1748 948 1801 1009 V,

110 1024 324 1072 seeundo
355 1025 423 1071 M
450 1026 500 1071 et
529 1023 612 1071 La
644 1025 694 1070 et
736 1023 808 1084 Vi,
839 1023 989 1070 tertio
1021 1023 1118 1070 Ma
1148 1024 1199 1070 et
1229 1023 1279 1070 B
1310 1023 1654 1070 manaverunt.
1707 1021 1803 1069 Sed

109 1091 319 1146 tertium
348 1098 693 1161 apographum
724 1097 876 1145 etiam
905 1097 1009 1146 vim
1040 1096 1188 1144 unius
1220 1113 1277 1145 ex
1309 1097 1468 1145 altera
1498 1096 1693 1144 familia
1724 1112 1800 1144 oo·

110 1171 234 1220 dicis
266 1173 525 1234 expertum
564 1174 650 1220 est.
712 1172 810 1220 Ma
845 1170 1004 1234 igitur
1042 1171 1091 1218 et
1121 1171 1172 1219 B
1211 1171 1380 1235 generi
1417 1171 1642 1219 codicum
1679 1170 1800 1217 mix—

108 1249 276 1295 torum
305 1245 557 1294 tribuendi
596 1247 724 1294 sunt.
787 1245 1009 1293 Alterius
1048 1245 1270 1293 familiae
1302 1261 1430 1308 quae
1469 1245 1801 1294 recensionem

107 1321 330 1383 eorporis
361 1319 603 1368 Aristidei
633 1319 796 1368 reddit
826 1322 944 1368 sunt
976 1320 1166 1368 codices
1191 1320 1338 1368 Laur
1369 1322 1418 1368 et
1446 1318 1553 1367 Gan
1577 1322 1626 1367 et
1651 1319 1802 1367 codex

107 1395 174 1442 ab
205 1395 298 1443 hoo
328 1396 580 1457 proximus
613 1411 638 1442 e
671 1410 768 1456 quo
800 1393 952 1441 editio
984 1393 1279 1441 Morelliana
1308 1393 1466 1440 fluxit.

119 1458 126 1483 ²
223 1469 490 1517 Vinculum
519 1469 679 1532 igitur
708 1468 1087 1516 necessitudinis
1131 1484 1228 1529 quo
1268 1467 1319 1514 hi
1360 1467 1550 1516 codices
1589 1467 1721 1515 inter
1751 1483 1801 1515 se

106 1544 362 1591 coniuncti
394 1545 509 1591 sunt
538 1543 631 1591 hoc
662 1542 757 1590 tibi
786 1542 958 1590 reddet
990 1544 1221 1590 stemma:

1711 2565 1813 2609 Mor

222 2725 387 2788 Atque
418 2727 466 2775 in
505 2729 791 2777 universum
815 2730 1016 2792 quidem
1047 2733 1198 2779 etiam
1222 2731 1302 2779 hic
1325 2732 1462 2793 prior
1486 2734 1678 2782 familia
1701 2733 1796 2782 fide

10 2810 17 2842 3
111 2815 211 2860 qua,
243 2800 569 2863 archetypum
598 2802 814 2851 reddidit
846 2805 1057 2852 alteram
1088 2808 1300 2867 superat.

224 2872 459 2922 Codicum
490 2875 802 2924 multitudini
823 2878 1088 2939 respondet
1117 2894 1325 2942 magnus
1357 2896 1588 2928 numerus
1620 2882 1794 2929 testi-

109 2948 451 2995 moniorum.
538 2947 862 3013 Gregorius
918 2952 1048 2999 enim
1105 2951 1453 3001 Corinthius
1508 2957 1608 3001 tres
1662 2955 1795 3003 locos
