2026 3192
266 105 371 158 188
730 106 959 151 LIBANII
988 105 1379 152 DECLAMATIO
1410 108 1474 151 111

261 244 383 312 πρὸς
418 243 469 295 δὲ
502 244 781 312 ἀριστείδην
812 244 1074 309 ἀνασκευὴ.
1088 239 1131 314 1)
1189 247 1387 295 Desinit
1416 248 1537 296 folio
1573 251 1741 298 28217
1727 266 1780 298 111
1802 250 1957 299 verba.

261 323 484 385 λαμπρᾶς
516 318 598 368 καὶ
628 327 720 385 γῆς
757 318 839 368 καὶ
870 320 1104 386 πατρίδος
1136 314 1337 388 (61,1).
1400 322 1595 370 Folium
1629 324 1734 371 283
1770 325 1846 372 est
1867 340 1955 372 va.-

261 411 406 443 cuum
437 395 679 443 relictum.

373 471 479 517 284
522 470 615 517 inc.
655 467 751 516 ἔδει
791 466 879 532 μὲν
912 462 950 516 ὦ
982 467 1138 533 βουλὴ
1171 470 1200 516 1.
1235 486 1274 517 e
1308 468 1545 528 δύσκολος
1588 469 1748 536 γήμας
1786 469 1951 520 λάλον

258 543 456 590 Desinit
523 543 645 592 folio
717 544 849 591 292V
917 542 1079 591 verbis
1134 548 1346 608 γυναῖκα
1399 543 1547 592 λάλον
1601 543 1693 594 οὐκ
1745 542 1952 611 ήνεγκεν

259 610 282 683 (
370 611 659 753 Seqiiuntur
688 691 803 740 inde
836 707 877 739 a·
900 691 1022 739 folio
1059 693 1163 740 305
1209 693 1451 753 epistulae
1486 692 1533 740 S.
1568 692 1815 756 Gregorii,
1854 694 1951 741 Ba-

259 766 374 826 Silii,
398 766 598 826 Iuliani,
624 765 834 827 Synesii‚
858 765 1085 825 aliorum,
1108 766 1240 813 inter
1264 781 1386 827 quas
1420 782 1502 814 sex
1525 769 1729 815 mutuae
1753 767 1956 815 Libanii

258 842 308 887 et
339 839 517 887 Basilii

371 913 614 977 βασίλειος
646 913 870 977 λιβανίω·
903 912 1073 962 πολλοὶ
1103 913 1439 979 περιτυχόντες
1471 908 1639 979 (1596
1659 909 1746 981 W)

371 986 591 1051 λιβάνιος
623 987 869 1051 βασιλείω·
906 986 1016 1036 ἰδοὺ
1049 985 1286 1051 πέπομφα
1318 982 1510 1054 (1597)

372 1061 615 1125 βασίλειος
648 1061 873 1125 λιβανίω·
908 1059 1126 1127 ἀνέγνων
1156 1060 1242 1110 τὸν
1275 1061 1420 1127 λόγον
1453 1056 1647 1129 (1598)

371 1134 589 1199 λιβάνιος
623 1135 872 1199 βασιλείω·
907 1142 1003 1184 νῦν
1035 1134 1191 1201 ἔγνων
1223 1130 1348 1185 εἶναι
1384 1130 1576 1202 (1599)

367 1209 611 1273 βασίλειος
644 1210 870 1273 λιβανίω·
905 1207 1182 1274 δεχομένοις
1214 1207 1302 1273 μὲν
1335 1203 1530 1277 (1601)

366 1283 609 1346 βασίλειος
641 1284 866 1347 λιβανίω·
901 1282 1095 1332 λέλυταί
1124 1299 1201 1332 σοι
1234 1284 1285 1333 τὸ
1321 1278 1528 1351 (1595).

366 1358 592 1419 Denique
631 1359 684 1405 in
733 1358 854 1406 folio
897 1359 1003 1407 380
1044 1361 1206 1407 exstat
1245 1360 1507 1421 ethopoeia
1544 1358 1681 1417 τίνας
1721 1355 1783 1406 ἂν
1821 1359 1953 1408 εἴποι

257 1430 433 1496 λόγους
464 1429 626 1496 πόρνη
659 1431 1023 1496 σωφρονήσασα
1057 1426 1125 1499 (p.
1157 1435 1299 1481 1044
1316 1427 1397 1499 R).

364 1505 565 1566 Inspexi
595 1521 738 1554 anno
760 1507 915 1555 1880

164 1590 248 1630 201
370 1582 451 1628 70.
476 1580 791 1628 Parisinus
817 1597 886 1644 gr.
907 1582 1047 1628 2731
1079 1575 1222 1647 (olim
1242 1578 1761 1642 GIOCCCOXXXVII,
1790 1582 1952 1643 1568,

257 1647 425 1737 2531)
459 1654 746 1702 chartaceus
793 1655 983 1702 formae
1029 1655 1137 1703 folii
1185 1655 1367 1703 saeculi
1402 1655 1519 1702 XVI
1567 1656 1787 1703 continet
1832 1657 1948 1718 post

251 1729 393 1775 varia
440 1744 566 1790 quae
612 1731 834 1776 recenset
877 1729 1133 1792 catalogus
1179 1728 1400 1776 Omontii
1445 1729 1787 1790 imprimisque
1832 1731 1951 1792 post

254 1795 600 1867 (Ἐπιφανίου)
632 1800 742 1864 περὶ
773 1800 1137 1865 ἐπιστολιμαίου
1169 1811 1470 1868 χαρακτῆρος
1499 1803 1614 1850 111ᾶο
1639 1819 1668 1850 3
1691 1803 1812 1851 folio
1841 1805 1946 1851 144

251 1892 403 1922 manu
427 1875 632 1924 Iacobi
658 1871 1061 1943 Diassorini2)
1088 1880 1314 1926 exaratas
1340 1877 1538 1925 Libanii
1564 1877 1949 1925 declamationes

328 1950 400 1997 fol
436 1951 541 1996 144
574 1949 798 2014 λιβανίου
833 1947 1019 2014 μελέτη
1051 1949 1299 2012 ἀντιλογία
1331 1957 1418 1999 τοῦ
1451 1948 1676 2015 ἀχιλλέως
1707 1949 1830 2016 πρὸς
1861 1951 1948 2000 τὸν

252 2019 462 2070 ὄδυσσέα

366 2098 497 2144 158
543 2104 629 2146 τοῦ
676 2097 830 2147 αὐτοῦ
885 2096 1019 2163 ἑτέρα
1058 2096 1255 2163 ,μελέτη
1320 2097 1746 2164 πρεσβευτικὸς
1800 2098 1945 2163 πρὸς

250 2168 388 2228 τοὺς
419 2170 604 2235 τρώας
637 2169 781 2237 ὑπὲρ
813 2179 915 2235 τῆς
948 2170 1151 2235 ἕλε’νης
1228 2170 1511 2236 μενέλαος

366 2246 468 2293 165
503 2253 589 2294 τοῦ
623 2244 776 2294 αὐτοῦ
809 2244 1047 2304 δύσκολος
1070 2245 1229 2311 γήμας
1260 2246 1408 2294 λάλον
1441 2239 1598 2312 (134)

366 2320 469 2366 176
507 2316 763 2382 ἐπιτάφιος
787 2319 932 2384 λόγος
958 2318 1036 2368 ἐπὶ
1061 2324 1125 2387 τῷ
1145 2318 1440 2388 ἐνδοξοτάτῳ
1465 2318 1547 2367 καὶ
1571 2318 1946 2388 ἐκλαμπροτάτῳ

251 2392 493 2455 μακαρίτῃ
526 2392 714 2457 μεγάλω
748 2391 889 2441 δουκὶ
922 2400 1055 2457 κυρῶ
1088 2397 1240 2461 λουκᾷ
1273 2398 1337 2461 τῷ
1363 2397 1567 2461 νοταρᾷε
1595 2388 1830 2442 Ἰωάννου
1854 2400 1944 2442 τοῦ

251 2464 449 2530 μόσχου.

362 2539 564 2601 Inspexi
595 2556 724 2588 anno
761 2541 915 2589 1880.

162 2629 247 2668 202
368 2616 447 2661 71.
470 2613 785 2662 Parisinus
810 2631 881 2677 gr.
903 2616 1043 2662 3023
1064 2609 1208 2698 (olim
1225 2614 1614 2676 DOOOLXXVI,
1634 2616 1753 2675 956,
1773 2608 1942 2681 3248)

251 2686 538 2735 chartaceus
570 2688 756 2735 formae
790 2689 995 2736 octavae
1025 2690 1227 2736 maioris
1252 2690 1436 2736 saeculi
1459 2683 1698 2751 XVJXVI
1722 2689 1944 2737 continet

275 2839 278 2841 A
370 2800 412 2853 1)
446 2797 511 2841 Cf
552 2799 759 2842 codicem
796 2797 1060 2841 Parisinum
1093 2803 1208 2842 3015
1250 2800 1323 2856 (cf.
1356 2815 1401 2856 p.
1430 2803 1531 2856 176)
1571 2802 1619 2843 01
1657 2798 1940 2842 Chalcenum
2013 2819 2019 2826 ·

249 2854 373 2898 Trin.
403 2861 485 2899 145
519 2859 579 2913 (p.
608 2860 723 2913 224).

369 2917 412 2971 2)
447 2913 513 2959 Cf.
548 2916 684 2971 Leop.
721 2915 862 2971 Cohn,
895 2916 1063 2960 Philol.
1089 2917 1322 2965 Abhandl.
1348 2917 1379 2960 f
1405 2917 1579 2960 Martin
1602 2917 1743 2960 Hertz
1766 2931 1810 2973 p.
1839 2920 1939 2963 136.-
