2054 3192
172 1055 215 1087 10

176 1497 218 1530 15

237 99 309 150 42
743 98 969 142 LIBANH
1000 97 1389 142 DECLAMATIO
1422 99 1442 142 Ι

236 243 351 296 τοῖς
390 243 643 299 φονικοῖς
682 236 873 303 νόμοις
913 233 1087 296 οὕτως
1127 234 1341 304 ὁρῶμεν
1382 234 1743 305 διῃρημένον,
1781 234 1930 303 ἀφεῖ-

238 328 372 375 σθαι
426 323 527 391 μὲν
581 324 756 385 αἰτίας
808 323 907 375 τὸν
954 323 1250 391 δράσαντα,
1306 325 1462 391 ἄγειν
1515 321 1576 376 δὲ
1624 325 1701 385 εἰς
1746 325 1932 393 κρίσιν

237 412 335 464 τὸν
368 411 564 478 αἴτιον,
598 411 736 464 ἀλλὰ
766 413 865 464 τὸν
898 411 1255 481 ἀνδροφόνον
1281 413 1602 482 προσειπὼν
1625 413 1800 484 τούτῳ
1834 413 1932 465 τὸν

238 506 419 553 αἴτιον
472 508 570 554 τοῦ
628 503 809 567 φόνου
863 499 1176 570 προσέθηκε
1231 499 1574 571 μιαρώτερον
1626 500 1934 570 ἡγούμενος

237 590 337 642 τὸν
383 589 663 659 πράξαντα
717 597 817 642 τοῦ
864 591 1198 651 πεπεικότος.
1276 590 1360 643 50.
1417 589 1557 643 ἀλλά
1602 597 1711 642 νῦν
1757 589 1786 642 ὁ
1833 586 1934 658 μὲν

238 680 454 731 πείθων
492 677 711 732 ἀνελεῖν
748 681 880 741 τοὺς
918 681 1126 745 νόμους
1167 679 1466 748 Σωκράτης
1510 682 1783 747 κρίνεται,
1823 687 1934 731 τῶν

239 765 300 820 δὲ
349 766 769 836 ἐπιθησομένων
816 775 880 836 τῇ
927 767 1141 819 τούτων
1187 769 1480 820 καταλύσει
1528 770 1696 836 λόγον
1751 765 1934 829 οὐδεὶς

240 855 559 909 ἀπαιτεῖται.
600 858 778 909 καίτοι
808 856 907 908 τὸν
940 856 1224 925 φάσκοντα
1257 865 1369 908 τῶν
1399 858 1587 924 νόμων
1620 859 1935 924 φροντίζειν

241 946 334 998 διὰ
384 946 608 998 πάντων
655 955 765 997 τῶν
810 945 947 1014 <τῇ>
1002 945 1340 1015 δημοκρατίᾳ
1395 946 1687 1013 δυσμενῶν
1737 953 1935 1013 χωρεῖν

240 1042 533 1104 προσῆκεν,
575 1032 684 1086 ἀλλ’
732 1033 799 1086 οὐ
839 1035 969 1096 τοὺς
1010 1030 1111 1102 μὲν
1149 1033 1499 1102 ὑπερπηδᾶν,
1547 1031 1630 1087 ἑνὶ
1678 1034 1740 1086 δὲ
1777 1038 1935 1086 πολε-

239 1132 364 1191 μεῖν
401 1124 568 1193 μόνςο.
609 1122 782 1190 δῆλον
823 1122 926 1191 γὰρ
976 1122 1059 1174 ὅτι
1107 1120 1199 1174 καὶ
1241 1122 1574 1192 Σωκράτους
1621 1121 1937 1175 ἀποθανόνε

240 1231 332 1273 τος
372 1212 430 1264 οἴ
463 1231 525 1279 γε
564 1210 673 1280 ὑπὸ
714 1212 922 1266 τούτου.
966 1210 1372 1281 διεφθαρμένοι
1421 1212 1577 1264 κακοὶ
1623 1209 1748 1280 περὶ
1795 1211 1937 1280 ὑμᾶς

239 1297 478 1353 ἔσονται.
539 1300 622 1362 τίς
679 1298 747 1352 ἂν
812 1295 916 1352 οὗν
973 1300 1165 1370 ἰατρὸν
1228 1297 1550 1362 ἀποδέξαιτο
1612 1299 1775 1352 παντὶ
1836 1299 1938 1368 μὲν

241 1388 538 1456 ὀφείλοντα
585 1391 862 1457 βοηθῆσαι
913 1393 989 1459 τῷ
1043 1389 1278 1457 σώματι,
1332 1396 1608 1458 τηροῦντα
1655 1388 1716 1440 δὲ
1764 1387 1824 1440 ἐν
1861 1393 1936 1459 τῷ

242 1478 458 1530 πλείονι
512 1477 573 1530 τὸ
629 1479 863 1546 νόσημα;
927 1476 1013 1530 51.
1063 1478 1111 1529 εἰ
1166 1473 1267 1546 μὲν
1322 1472 1424 1529 οὖν
1464 1475 1768 1546 Σωκράτην
1819 1475 1937 1546 ’ᾔδει

243 1563 344 1635 μὲν
383 1566 631 1636 πονηρὸν
655 1565 892 1628 ’Ἀνυτος
932 1565 1139 1634 οὑτοσί,
1179 1575 1441 1635 πονηρῶν
1481 1566 1541 1618 δὲ
1573 1561 1642 1618 αὖ
1684 1565 1784 1617 οὐκ
1815 1565 1937 1632 ἠπιέ

242 1669 405 1708 στατο
454 1655 817 1723 διδάσκαλον,
864 1659 1043 1716 καλῶς
1090 1653 1160 1707 ἂν
1208 1653 1296 1707 ἐπὶ
1342 1656 1517 1723 μόνον
1562 1652 1668 1723 ᾔει·
1730 1661 1838 1706 νῦν
1877 1650 1938 1705 δὲ

363 1821 387 1858 3
436 1815 566 1859 Dem.
599 1815 818 1859 Aristocr.
859 1830 904 1871 p.
940 1818 1039 1868 631,
1059 1818 1136 1867 283
1187 1818 1287 1868 632,
1307 1819 1354 1867 63
1404 1818 1503 1868 630,
1523 1818 1562 1866 53
1613 1819 1713 1868 232,
1734 1818 1788 1856 2ο

243 1879 268 1918 6
302 1875 519 1919 Aeschin.
544 1890 589 1931 p.
616 1878 686 1930 87,
707 1879 761 1917 25
887 1879 938 1917 11
968 1874 1024 1917 cf.
1051 1889 1095 1930 p.
1125 1878 1223 1929 115,
1243 1878 1267 1916 9
1286 1887 1353 1928 sq.
1379 1873 1498 1917 Plat.
1525 1873 1646 1929 apol.
1671 1889 1716 1929 p.
1743 1877 1798 1916 39
1819 1870 1851 1915 C
1871 1886 1925 1927 sq

366 2027 388 2065 1
423 2038 486 2078 φο
519 2028 668 2073 νικοῖς
700 2036 805 2065 cum
835 2035 911 2065 ras
939 2026 961 2063 1
995 2020 1076 2064 liti:
1106 2021 1214 2076 post
1239 2036 1263 2064 ο
1300 2022 1369 2065 Va
1396 2023 1402 2077 Ι
1430 2018 1722 2076 διειρημένον
1749 2019 1937 2062 auctore

244 2080 418 2125 Cobeto
434 2082 539 2138 Rog
660 2086 685 2124 3
712 2081 826 2125 ἀλλὰ
848 2107 901 2112 -—
921 2085 948 2123 4
973 2079 1126 2124 αἴτιον
1145 2093 1221 2123 om
1248 2081 1337 2123 Ma
1364 2081 1369 2135 1
1397 2077 1489 2123 ἀλλ’
1521 2079 1544 2123 ὁ
1569 2083 1630 2137 τῷ
1655 2075 1937 2135 ἀνδροφόνῳ

222 2141 481 2195 ,προειπὼν
521 2141 708 2183 auctore
750 2139 907 2183 Gasda
947 2139 1051 2196 Rog
1187 2144 1211 2180 6
1253 2138 1507 2194 Σωκράτης
1545 2139 1732 2181 auctore
1766 2136 1938 2180 Cobeto

244 2199 522 2243 cancellavit
551 2200 655 2255 Rog
779 2204 802 2243 7
837 2196 1191 2254 ἐπιθησομένων
1224 2198 1389 2254 scripsi
1422 2199 1610 2241 auctore
1637 2196 1809 2240 Cobeizo
1835 2209 1939 2238 cum

245 2258 349 2315 Rog
408 2257 792 2314 πεισθησομένων
815 2257 928 2302 libri
951 2257 1054 2300 Mor
1070 2257 1139 2300 Re
1262 2261 1284 2299 7
1310 2273 1394 2301 του
1412 2273 1435 2300 ο
1463 2271 1568 2300 cum
1584 2270 1658 2299 ras
1678 2261 1700 2299 1
1727 2255 1807 2298 litt
1830 2256 1939 2298 ante

245 2320 294 2361 et
315 2319 423 2373 post
455 2334 479 2361 ο
516 2318 560 2363 U
611 2317 780 2361 τούτου
811 2318 986 2361 AthVa
1114 2320 1140 2359 8
1172 2323 1265 2359 τῶν
1298 2314 1451 2372 νόμων
1486 2317 1574 2359 Ma
1607 2315 1688 2359 sed
1720 2332 1747 2358 ν
1778 2313 1939 2356 finalia
1984 2355 1986 2357 ,

245 2391 457 2432 suprascr
487 2376 557 2418 m²
701 2381 725 2418 9
757 2383 812 2434 τῇ
852 2375 1026 2419 inserui
1072 2389 1177 2418 cum
1209 2374 1312 2431 Rog
1373 2389 1448 2418 om
1479 2374 1588 2418 libri
1621 2374 1723 2417 Mor
1738 2373 1806 2415 Re

247 2439 301 2478 10
334 2433 424 2479 ἀλλ’
463 2436 518 2479 οὐ
550 2436 656 2485 τοὺς
688 2437 777 2479 Ma
809 2436 890 2478 sed
951 2432 985 2478 λ’
1022 2435 1077 2478 οὐ
1108 2450 1134 2477 τ
1170 2433 1221 2476 in
1259 2447 1334 2477 ras
1367 2433 1437 2477 m²
1482 2434 1488 2491 Ι
1538 2433 1814 2488 ὑπερπηδᾶν
1850 2432 1937 2475 Μα

245 2494 327 2538 sed
358 2510 421 2550 πη
454 2494 502 2537 in
534 2508 608 2537 ras
641 2493 710 2537 m²
840 2499 893 2537 13
935 2490 1019 2538 οὖν
1053 2490 1112 2536 ἂν
1147 2493 1412 2538 MaUVaB
1543 2497 1597 2535 14
1638 2489 1683 2535 δ’
1719 2491 1822 2545 Rog

249 2559 301 2595 15
328 2550 429 2612 ᾔδει
454 2551 536 2609 μὲν
562 2553 726 2609 scripsi
743 2566 798 2596 ex
815 2554 910 2597 Ath
971 2552 1054 2608 μὲν
1073 2548 1172 2610 ᾔδει
1190 2551 1360 2607 reliqui
1383 2551 1493 2594 libri
1510 2551 1600 2594 edd
1724 2554 1777 2592 16
1795 2564 1939 2604 πονη-

246 2619 339 2667 ρῶν
363 2612 548 2668 reposui
574 2625 598 2655 e
622 2611 753 2655 libris
786 2611 876 2655 coll
899 2627 944 2668 p.
971 2615 1041 2665 33,
1061 2615 1086 2653 3
1120 2612 1309 2654 auctore
1341 2611 1408 2655 Re
1441 2624 1544 2653 cum
1571 2609 1672 2666 Rog
1731 2607 1940 2663 πονηρὸν

247 2671 349 2714 Mor
364 2671 432 2714 Re
459 2674 465 2726 Ι
494 2667 552 2714 αὖ
587 2670 751 2726 scripsi
782 2685 838 2714 ex
862 2671 956 2715 Ath
987 2671 1175 2713 auctore
1206 2670 1414 2713 Iacobsio
1447 2669 1559 2713 Lech
1581 2671 1664 2710 195
1698 2666 1802 2723 App
1828 2666 1939 2711 Pors

248 2734 334 2773 308
365 2730 462 2773 Not
487 2733 541 2773 18
575 2743 679 2772 cum
705 2729 807 2784 Rog
868 2728 1011 2772 αὐτὸν
1042 2728 1212 2783 reliqui
1243 2728 1353 2771 libri
1415 2725 1500 2771 οὖν
1531 2726 1633 2770 Mor
1649 2726 1716 2769 Re
1749 2725 1829 2780 qui
1862 2725 1940 2768 de-

248 2789 439 2832 lendum
479 2789 660 2832 censuit
699 2801 845 2842 aeque
884 2791 1025 2843 atque
1063 2788 1300 2831 Iaeobsius
1340 2787 1448 2830 Add
1471 2790 1555 2829 267
1597 2787 1644 2828 et
1683 2784 1886 2828 Sintenis
1931 2789 1935 2839 Ι

250 2846 351 2904 ἤδει
376 2847 479 2891 coni
504 2847 572 2891 Re
696 2851 747 2889 17
775 2844 820 2891 δ’
851 2844 910 2891 ἂν
935 2846 1096 2889 Iacobs
1120 2846 1227 2889 Add
1253 2850 1335 2890 267
1361 2845 1458 2889 Not
1481 2849 1534 2888 19
1564 2847 1569 2901 Ι
1599 2842 1822 2898 ἐπίμονον
1846 2843 1940 2887 Ath

253 2894 344 2965 Ῐῇει
355 2906 541 2963 reposui
555 2919 580 2950 e
592 2907 680 2949 Ma
691 2906 855 2950 UVaB
869 2907 1057 2948 auctore
1069 2904 1279 2948 Iacobsio
1294 2919 1397 2948 cum
1410 2904 1513 2961 Rog
1574 2902 1643 2959 εἴη
1654 2903 1747 2947 Ath
1759 2902 1861 2944 Mor
1873 2901 1940 2944 Re
