<?xml version="1.0" encoding="UTF-8"?>
<!DOCTYPE html PUBLIC "-//W3C//DTD XHTML 1.0 Transitional//EN"
    "http://www.w3.org/TR/xhtml1/DTD/xhtml1-transitional.dtd">
<html xmlns="http://www.w3.org/1999/xhtml" xml:lang="en" lang="en">
 <head>
  <title>
</title>
<meta http-equiv="Content-Type" content="text/html;charset=utf-8" />
  <meta name='ocr-system' content='tesseract 3.04.00' />
  <meta name='ocr-capabilities' content='ocr_page ocr_carea ocr_par ocr_line ocrx_word'/>
</head>
<body>
  <div class='ocr_page' id='page_1' title='image "./operarecensuitri05libauoft/operarecensuitri05libauoft_0547.png"; bbox 0 0 2026 3192; ppageno 0'>
   <div class='ocr_carea' id='block_1_1' title="bbox 706 100 1799 153">
    <p class='ocr_par' dir='ltr' id='par_1_1' title="bbox 706 100 1799 153">
     <span class='ocr_line' id='line_1_1' title="bbox 706 100 1799 153; baseline 0.008 -9"><span class='ocrx_word' id='word_1_1' title='bbox 706 100 958 145; x_wconf 85' lang='lat' dir='ltr'>TIMONIS</span> <span class='ocrx_word' id='word_1_2' title='bbox 991 101 1214 146; x_wconf 88' lang='lat' dir='ltr'><strong>ORATIO</strong></span> <span class='ocrx_word' id='word_1_3' title='bbox 1694 101 1799 153; x_wconf 77' lang='lat'><em>537</em></span> 
     </span>
    </p>
   </div>
   <div class='ocr_carea' id='block_1_2' title="bbox 111 236 1878 1285">
    <p class='ocr_par' dir='ltr' id='par_1_2' title="bbox 111 236 1808 1015">
     <span class='ocr_line' id='line_1_2' title="bbox 113 236 1805 308; baseline -0.001 -17"><span class='ocrx_word' id='word_1_4' title='bbox 113 237 160 291; x_wconf 92' lang='grc' dir='ltr'><em>δ’</em></span> <span class='ocrx_word' id='word_1_5' title='bbox 223 237 607 308; x_wconf 77' lang='grc' dir='ltr'><strong><em>εὐτυχέστερος</em></strong></span> <span class='ocrx_word' id='word_1_6' title='bbox 661 238 815 306; x_wconf 84' lang='grc' dir='ltr'><em>ἡμῶν</em></span> <span class='ocrx_word' id='word_1_7' title='bbox 869 236 1211 306; x_wconf 81' lang='grc' dir='ltr'><em>Ἀλκιβιάδης</em></span> <span class='ocrx_word' id='word_1_8' title='bbox 1264 236 1632 306; x_wconf 77' lang='grc' dir='ltr'><em>ἀναπέφηνεν.</em></span> <span class='ocrx_word' id='word_1_9' title='bbox 1687 237 1805 304; x_wconf 75' lang='grc' dir='ltr'><em>ἐμοὶ</em></span> 
     </span>
     <span class='ocr_line' id='line_1_3' title="bbox 111 322 1806 396; baseline -0.001 -17"><span class='ocrx_word' id='word_1_10' title='bbox 111 324 212 395; x_wconf 70' lang='grc' dir='ltr'><em>μὲν</em></span> <span class='ocrx_word' id='word_1_11' title='bbox 266 328 370 396; x_wconf 86' lang='grc' dir='ltr'><em>γὰρ</em></span> <span class='ocrx_word' id='word_1_12' title='bbox 420 326 478 380; x_wconf 82' lang='grc' dir='ltr'><em>ἐκ</em></span> <span class='ocrx_word' id='word_1_13' title='bbox 524 334 624 380; x_wconf 89' lang='grc' dir='ltr'><em>τοῦ</em></span> <span class='ocrx_word' id='word_1_14' title='bbox 670 335 854 393; x_wconf 84' lang='grc' dir='ltr'><em>μισεῖν</em></span> <span class='ocrx_word' id='word_1_15' title='bbox 908 323 1076 379; x_wconf 74' lang='grc' dir='ltr'><em>οὐδὲν</em></span> <span class='ocrx_word' id='word_1_16' title='bbox 1129 322 1200 394; x_wconf 75' lang='grc' dir='ltr'><em>ἦν</em></span> <span class='ocrx_word' id='word_1_17' title='bbox 1249 326 1419 380; x_wconf 80' lang='grc' dir='ltr'><em>πλέον</em></span> <span class='ocrx_word' id='word_1_18' title='bbox 1471 327 1618 395; x_wconf 82' lang='grc' dir='ltr'><em>πλὴν</em></span> <span class='ocrx_word' id='word_1_19' title='bbox 1671 326 1806 379; x_wconf 83' lang='grc' dir='ltr'><em>αὐτὸ</em></span> 
     </span>
     <span class='ocr_line' id='line_1_4' title="bbox 112 414 1805 484; baseline 0 -16"><span class='ocrx_word' id='word_1_20' title='bbox 112 423 274 474; x_wconf 87' lang='grc' dir='ltr'><em>τοῦτο</em></span> <span class='ocrx_word' id='word_1_21' title='bbox 314 417 490 484; x_wconf 88' lang='grc' dir='ltr'><em>μόνον</em></span> <span class='ocrx_word' id='word_1_22' title='bbox 527 416 588 468; x_wconf 91' lang='grc' dir='ltr'><em>τὸ</em></span> <span class='ocrx_word' id='word_1_23' title='bbox 630 415 860 484; x_wconf 82' lang='grc' dir='ltr'><em>φεύγειν</em></span> <span class='ocrx_word' id='word_1_24' title='bbox 899 414 1252 484; x_wconf 79' lang='grc' dir='ltr'><em>ἀνθρώπους,</em></span> <span class='ocrx_word' id='word_1_25' title='bbox 1291 416 1558 482; x_wconf 78' lang='grc' dir='ltr'><em>βλάπτειν</em></span> <span class='ocrx_word' id='word_1_26' title='bbox 1590 414 1636 468; x_wconf 87' lang='grc' dir='ltr'><em>δ’</em></span> <span class='ocrx_word' id='word_1_27' title='bbox 1678 415 1805 483; x_wconf 79' lang='grc' dir='ltr'><em>ἠδυ-</em></span> 
     </span>
     <span class='ocr_line' id='line_1_5' title="bbox 113 500 1807 574; baseline -0.001 -18"><span class='ocrx_word' id='word_1_28' title='bbox 113 504 293 572; x_wconf 79' lang='grc' dir='ltr'><em>νάμην</em></span> <span class='ocrx_word' id='word_1_29' title='bbox 333 503 559 558; x_wconf 79' lang='grc' dir='ltr'><em>οὐδένα·</em></span> <span class='ocrx_word' id='word_1_30' title='bbox 600 502 911 573; x_wconf 79' lang='grc' dir='ltr'><em>Ἀλκιβιάδῃ</em></span> <span class='ocrx_word' id='word_1_31' title='bbox 954 500 1015 556; x_wconf 75' lang='grc' dir='ltr'><em>δὲ</em></span> <span class='ocrx_word' id='word_1_32' title='bbox 1055 504 1116 556; x_wconf 90' lang='grc' dir='ltr'><em>τὸ</em></span> <span class='ocrx_word' id='word_1_33' title='bbox 1156 504 1356 566; x_wconf 79' lang='grc' dir='ltr'><em>κάλλος</em></span> <span class='ocrx_word' id='word_1_34' title='bbox 1393 505 1531 574; x_wconf 90' lang='grc' dir='ltr'><em>πρὸς</em></span> <span class='ocrx_word' id='word_1_35' title='bbox 1566 506 1807 572; x_wconf 80' lang='grc' dir='ltr'><em>ὄλεθρον</em></span> 
     </span>
     <span class='ocr_line' id='line_1_6' title="bbox 113 591 1807 662; baseline 0 -18"><span class='ocrx_word' id='word_1_36' title='bbox 113 591 431 660; x_wconf 82' lang='grc' dir='ltr'><em>ἀνθρώπων</em></span> <span class='ocrx_word' id='word_1_37' title='bbox 471 592 626 662; x_wconf 84' lang='grc' dir='ltr'><em>ἀρκεῖ</em></span> <span class='ocrx_word' id='word_1_38' title='bbox 663 591 753 645; x_wconf 84' lang='grc' dir='ltr'><em>καὶ</em></span> <span class='ocrx_word' id='word_1_39' title='bbox 793 599 1063 645; x_wconf 85' lang='grc' dir='ltr'><em>τοσοῦτον</em></span> <span class='ocrx_word' id='word_1_40' title='bbox 1103 593 1336 645; x_wconf 88' lang='grc' dir='ltr'><em>δύναται</em></span> <span class='ocrx_word' id='word_1_41' title='bbox 1384 595 1559 661; x_wconf 91' lang='grc' dir='ltr'><em>μόνον</em></span> <span class='ocrx_word' id='word_1_42' title='bbox 1607 591 1807 662; x_wconf 77' lang='grc' dir='ltr'><em>ὀφθεὶς</em></span> 
     </span>
     <span class='ocr_line' id='line_1_7' title="bbox 114 678 1808 751; baseline 0.001 -18"><span class='ocrx_word' id='word_1_43' title='bbox 114 681 249 734; x_wconf 82' lang='grc' dir='ltr'><em>ὅσον</em></span> <span class='ocrx_word' id='word_1_44' title='bbox 286 682 388 749; x_wconf 86' lang='grc' dir='ltr'><em>τὴν</em></span> <span class='ocrx_word' id='word_1_45' title='bbox 429 682 680 750; x_wconf 79' lang='grc' dir='ltr'><em>Γοργόνα</em></span> <span class='ocrx_word' id='word_1_46' title='bbox 721 679 895 749; x_wconf 83' lang='grc' dir='ltr'><em>φασὶν</em></span> <span class='ocrx_word' id='word_1_47' title='bbox 934 682 985 733; x_wconf 82' lang='grc' dir='ltr'><em>οἱ</em></span> <span class='ocrx_word' id='word_1_48' title='bbox 1025 686 1217 747; x_wconf 85' lang='grc' dir='ltr'><em>μῦθοι.</em></span> <span class='ocrx_word' id='word_1_49' title='bbox 1259 681 1512 751; x_wconf 79' lang='grc' dir='ltr'><em>διαφέρει</em></span> <span class='ocrx_word' id='word_1_50' title='bbox 1552 678 1600 735; x_wconf 87' lang='grc' dir='ltr'><em>δ’</em></span> <span class='ocrx_word' id='word_1_51' title='bbox 1640 682 1808 734; x_wconf 79' lang='grc' dir='ltr'><em>οὐδὲν</em></span> 
     </span>
     <span class='ocr_line' id='line_1_8' title="bbox 113 768 1807 840; baseline 0 -18"><span class='ocrx_word' id='word_1_52' title='bbox 113 768 146 837; x_wconf 74' lang='grc' dir='ltr'><em>ἢ</em></span> <span class='ocrx_word' id='word_1_53' title='bbox 190 773 355 822; x_wconf 87' lang='grc' dir='ltr'><em>λίθον</em></span> <span class='ocrx_word' id='word_1_54' title='bbox 392 771 518 823; x_wconf 82' lang='grc' dir='ltr'><em>τινὰ</em></span> <span class='ocrx_word' id='word_1_55' title='bbox 549 768 836 838; x_wconf 84' lang='grc' dir='ltr'><em>γεγονέναι</em></span> <span class='ocrx_word' id='word_1_56' title='bbox 875 768 908 837; x_wconf 77' lang='grc' dir='ltr'>ἢ</span> <span class='ocrx_word' id='word_1_57' title='bbox 948 771 1094 840; x_wconf 79' lang='grc' dir='ltr'><em>παρὰ</em></span> <span class='ocrx_word' id='word_1_58' title='bbox 1141 777 1241 822; x_wconf 85' lang='grc' dir='ltr'><em>τοῦ</em></span> <span class='ocrx_word' id='word_1_59' title='bbox 1289 771 1491 838; x_wconf 82' lang='grc' dir='ltr'><em>δημίου</em></span> <span class='ocrx_word' id='word_1_60' title='bbox 1544 769 1807 833; x_wconf 81' lang='grc' dir='ltr'><em>δέξασθαι</em></span> 
     </span>
     <span class='ocr_line' id='line_1_9' title="bbox 114 857 1808 927; baseline 0.002 -17"><span class='ocrx_word' id='word_1_61' title='bbox 114 860 175 912; x_wconf 84' lang='grc' dir='ltr'><em>τὸ</em></span> <span class='ocrx_word' id='word_1_62' title='bbox 223 859 472 912; x_wconf 80' lang='grc' dir='ltr'><em>κώνειον.</em></span> <span class='ocrx_word' id='word_1_63' title='bbox 523 859 585 911; x_wconf 75' lang='grc' dir='ltr'><em>ἓν</em></span> <span class='ocrx_word' id='word_1_64' title='bbox 631 860 735 927; x_wconf 83' lang='grc' dir='ltr'><em>γὰρ</em></span> <span class='ocrx_word' id='word_1_65' title='bbox 783 859 873 911; x_wconf 82' lang='grc' dir='ltr'><em>καὶ</em></span> <span class='ocrx_word' id='word_1_66' title='bbox 920 859 1124 912; x_wconf 87' lang='grc' dir='ltr'><em>ταύτὸν</em></span> <span class='ocrx_word' id='word_1_67' title='bbox 1164 857 1260 927; x_wconf 80' lang='grc' dir='ltr'><em>ἀφ’</em></span> <span class='ocrx_word' id='word_1_68' title='bbox 1307 857 1565 927; x_wconf 78' lang='grc' dir='ltr'><em>ἑκατέρου</em></span> <span class='ocrx_word' id='word_1_69' title='bbox 1606 860 1808 916; x_wconf 88' lang='grc' dir='ltr'><em>τούτου</em></span> 
     </span>
     <span class='ocr_line' id='line_1_10' title="bbox 117 951 344 1015; baseline 0 -16"><span class='ocrx_word' id='word_1_70' title='bbox 117 951 344 1015; x_wconf 82' lang='grc' dir='ltr'><em>γίνεται.</em></span> 
     </span>
    </p>

    <p class='ocr_par' dir='ltr' id='par_1_3' title="bbox 116 1033 1878 1285">
     <span class='ocr_line' id='line_1_11' title="bbox 228 1033 1878 1106; baseline 0.002 -18"><span class='ocrx_word' id='word_1_71' title='bbox 228 1035 276 1088; x_wconf 78' lang='grc'><em>5.</em></span> <span class='ocrx_word' id='word_1_72' title='bbox 316 1035 517 1106; x_wconf 81' lang='grc' dir='ltr'><em>Άτυχῶ</em></span> <span class='ocrx_word' id='word_1_73' title='bbox 559 1034 607 1088; x_wconf 83' lang='grc' dir='ltr'><em>δ’</em></span> <span class='ocrx_word' id='word_1_74' title='bbox 656 1036 723 1089; x_wconf 85' lang='grc' dir='ltr'><em>οὐ</em></span> <span class='ocrx_word' id='word_1_75' title='bbox 764 1044 871 1089; x_wconf 85' lang='grc' dir='ltr'><em>νῦν</em></span> <span class='ocrx_word' id='word_1_76' title='bbox 909 1045 1156 1106; x_wconf 76' lang='grc' dir='ltr'><em>πρῶτον,</em></span> <span class='ocrx_word' id='word_1_77' title='bbox 1205 1033 1247 1090; x_wconf 81' lang='grc' dir='ltr'><em>ὦ</em></span> <span class='ocrx_word' id='word_1_78' title='bbox 1286 1039 1663 1105; x_wconf 81' lang='grc' dir='ltr'><em>πεντακόσιοι,</em></span> <span class='ocrx_word' id='word_1_79' title='bbox 1706 1043 1810 1089; x_wconf 82' lang='grc' dir='ltr'><em>θα·</em></span> <span class='ocrx_word' id='word_1_80' title='bbox 1837 1058 1878 1093; x_wconf 75' lang='grc' dir='ltr'><em>ιο</em></span> 
     </span>
     <span class='ocr_line' id='line_1_12' title="bbox 116 1123 1812 1195; baseline 0.001 -18"><span class='ocrx_word' id='word_1_81' title='bbox 116 1125 288 1178; x_wconf 82' lang='grc' dir='ltr'><em>νάτου</em></span> <span class='ocrx_word' id='word_1_82' title='bbox 327 1123 417 1178; x_wconf 86' lang='grc' dir='ltr'><em>καὶ</em></span> <span class='ocrx_word' id='word_1_83' title='bbox 456 1128 858 1195; x_wconf 75' lang='grc' dir='ltr'><em>προσαγγελίας</em></span> <span class='ocrx_word' id='word_1_84' title='bbox 897 1125 1037 1193; x_wconf 70' lang='grc' dir='ltr'><em>ἄξια,</em></span> <span class='ocrx_word' id='word_1_85' title='bbox 1077 1124 1199 1179; x_wconf 86' lang='grc' dir='ltr'><em>οὐδ’</em></span> <span class='ocrx_word' id='word_1_86' title='bbox 1243 1125 1507 1179; x_wconf 86' lang='grc' dir='ltr'><em>ἐντεῦθεν</em></span> <span class='ocrx_word' id='word_1_87' title='bbox 1548 1126 1685 1180; x_wconf 81' lang='grc' dir='ltr'><em>ὅθεν</em></span> <span class='ocrx_word' id='word_1_88' title='bbox 1729 1146 1812 1190; x_wconf 88' lang='grc' dir='ltr'><em>τις</em></span> 
     </span>
     <span class='ocr_line' id='line_1_13' title="bbox 118 1214 1812 1285; baseline 0.001 -19"><span class='ocrx_word' id='word_1_89' title='bbox 118 1217 295 1267; x_wconf 83' lang='grc' dir='ltr'><em>οἴεταί</em></span> <span class='ocrx_word' id='word_1_90' title='bbox 329 1234 423 1283; x_wconf 89' lang='grc' dir='ltr'><em>μοι</em></span> <span class='ocrx_word' id='word_1_91' title='bbox 462 1215 528 1266; x_wconf 77' lang='grc' dir='ltr'><em>τὰ</em></span> <span class='ocrx_word' id='word_1_92' title='bbox 568 1224 680 1268; x_wconf 87' lang='grc' dir='ltr'><em>τῶν</em></span> <span class='ocrx_word' id='word_1_93' title='bbox 718 1225 1027 1285; x_wconf 82' lang='grc' dir='ltr'><em>συμφορῶν</em></span> <span class='ocrx_word' id='word_1_94' title='bbox 1075 1214 1251 1283; x_wconf 78' lang='grc' dir='ltr'><em>ἐστιν,</em></span> <span class='ocrx_word' id='word_1_95' title='bbox 1300 1214 1417 1268; x_wconf 80' lang='grc' dir='ltr'><em>ἀλλ’</em></span> <span class='ocrx_word' id='word_1_96' title='bbox 1466 1214 1552 1268; x_wconf 83' lang='grc' dir='ltr'><em>ἀπ’</em></span> <span class='ocrx_word' id='word_1_97' title='bbox 1601 1214 1812 1284; x_wconf 80' lang='grc' dir='ltr'><em>ἐκείνης</em></span> 
     </span>
    </p>
   </div>
   <div class='ocr_carea' id='block_1_3' title="bbox 118 1300 1900 1375">
    <p class='ocr_par' dir='ltr' id='par_1_4' title="bbox 118 1300 1900 1375">
     <span class='ocr_line' id='line_1_14' title="bbox 118 1300 1900 1375; baseline -0.003 -20"><span class='ocrx_word' id='word_1_98' title='bbox 118 1308 372 1372; x_wconf 81' lang='grc' dir='ltr'><em>δυστυχῶ</em></span> <span class='ocrx_word' id='word_1_99' title='bbox 428 1310 524 1371; x_wconf 76' lang='grc' dir='ltr'><em>τῆς</em></span> <span class='ocrx_word' id='word_1_100' title='bbox 586 1303 790 1373; x_wconf 82' lang='grc' dir='ltr'><em>ἡμέρας</em></span> <span class='ocrx_word' id='word_1_101' title='bbox 852 1302 946 1372; x_wconf 82' lang='grc' dir='ltr'><em>ἀφ’</em></span> <span class='ocrx_word' id='word_1_102' title='bbox 1008 1300 1072 1372; x_wconf 83' lang='grc' dir='ltr'><em>ἧς</em></span> <span class='ocrx_word' id='word_1_103' title='bbox 1133 1305 1434 1372; x_wconf 86' lang='grc' dir='ltr'><em>παρελθὼν</em></span> <span class='ocrx_word' id='word_1_104' title='bbox 1487 1302 1495 1375; x_wconf 98' lang='grc' dir='ltr'>Ι</span> <span class='ocrx_word' id='word_1_105' title='bbox 1554 1305 1632 1366; x_wconf 84' lang='grc' dir='ltr'><em>εἰς</em></span> <span class='ocrx_word' id='word_1_106' title='bbox 1678 1307 1900 1351; x_wconf 79' lang='lat' dir='ltr'>RIV183</span> 
     </span>
    </p>
   </div>
   <div class='ocr_carea' id='block_1_4' title="bbox 117 1389 1879 1907">
    <p class='ocr_par' dir='ltr' id='par_1_5' title="bbox 117 1389 1879 1907">
     <span class='ocr_line' id='line_1_15' title="bbox 118 1389 1813 1463; baseline 0.001 -18"><span class='ocrx_word' id='word_1_107' title='bbox 118 1391 454 1462; x_wconf 76' lang='grc' dir='ltr'><em>ἀνθρώπους</em></span> <span class='ocrx_word' id='word_1_108' title='bbox 494 1389 692 1461; x_wconf 78' lang='grc' dir='ltr'><em>ἔτυχον</em></span> <span class='ocrx_word' id='word_1_109' title='bbox 741 1400 838 1461; x_wconf 82' lang='grc' dir='ltr'><em>τῆς</em></span> <span class='ocrx_word' id='word_1_110' title='bbox 885 1393 1106 1461; x_wconf 85' lang='grc' dir='ltr'><em>φύσεώς</em></span> <span class='ocrx_word' id='word_1_111' title='bbox 1151 1391 1242 1446; x_wconf 84' lang='grc' dir='ltr'><em>καὶ</em></span> <span class='ocrx_word' id='word_1_112' title='bbox 1288 1402 1383 1460; x_wconf 84' lang='grc' dir='ltr'><em>τῆς</em></span> <span class='ocrx_word' id='word_1_113' title='bbox 1427 1395 1813 1463; x_wconf 86' lang='grc' dir='ltr'><em>προσηγορίας·</em></span> 
     </span>
     <span class='ocr_line' id='line_1_16' title="bbox 118 1477 1879 1552; baseline 0.001 -19"><span class='ocrx_word' id='word_1_114' title='bbox 118 1482 191 1543; x_wconf 83' lang='grc' dir='ltr'><em>ὡς</em></span> <span class='ocrx_word' id='word_1_115' title='bbox 237 1480 631 1549; x_wconf 81' lang='grc' dir='ltr'><em>εὐτυχέστερόν</em></span> <span class='ocrx_word' id='word_1_116' title='bbox 677 1501 737 1549; x_wconf 93' lang='grc' dir='ltr'><em>γε</em></span> <span class='ocrx_word' id='word_1_117' title='bbox 784 1477 854 1549; x_wconf 76' lang='grc' dir='ltr'><em>ἦν</em></span> <span class='ocrx_word' id='word_1_118' title='bbox 900 1478 1038 1551; x_wconf 76' lang='grc' dir='ltr'><em>μηδὲ</em></span> <span class='ocrx_word' id='word_1_119' title='bbox 1085 1483 1187 1550; x_wconf 88' lang='grc' dir='ltr'><em>τὴν</em></span> <span class='ocrx_word' id='word_1_120' title='bbox 1234 1482 1407 1552; x_wconf 81' lang='grc' dir='ltr'><em>ἀρχὴν</em></span> <span class='ocrx_word' id='word_1_121' title='bbox 1458 1481 1721 1551; x_wconf 84' lang='grc' dir='ltr'><em>γενέσθαι</em></span> <span class='ocrx_word' id='word_1_122' title='bbox 1760 1482 1813 1551; x_wconf 76' lang='grc' dir='ltr'><em>ἤ,</em></span> <span class='ocrx_word' id='word_1_123' title='bbox 1837 1502 1879 1541; x_wconf 69' lang='lat'>15</span> 
     </span>
     <span class='ocr_line' id='line_1_17' title="bbox 120 1567 1814 1640; baseline 0.001 -18"><span class='ocrx_word' id='word_1_124' title='bbox 120 1569 412 1639; x_wconf 83' lang='grc' dir='ltr'><em>ἐπειδήπερ</em></span> <span class='ocrx_word' id='word_1_125' title='bbox 453 1569 758 1638; x_wconf 80' lang='grc' dir='ltr'><em>ἀναγκαῖον</em></span> <span class='ocrx_word' id='word_1_126' title='bbox 805 1567 875 1639; x_wconf 79' lang='grc' dir='ltr'><em>ἧν</em></span> <span class='ocrx_word' id='word_1_127' title='bbox 921 1572 982 1623; x_wconf 87' lang='grc' dir='ltr'><em>τὸ</em></span> <span class='ocrx_word' id='word_1_128' title='bbox 1029 1579 1288 1624; x_wconf 88' lang='grc' dir='ltr'><em>τοιοῦτον</em></span> <span class='ocrx_word' id='word_1_129' title='bbox 1336 1573 1413 1633; x_wconf 84' lang='grc' dir='ltr'><em>εἰς</em></span> <span class='ocrx_word' id='word_1_130' title='bbox 1460 1581 1578 1640; x_wconf 83' lang='grc' dir='ltr'><em>φῶς</em></span> <span class='ocrx_word' id='word_1_131' title='bbox 1616 1574 1814 1640; x_wconf 84' lang='grc' dir='ltr'><em>παρελ-</em></span> 
     </span>
     <span class='ocr_line' id='line_1_18' title="bbox 117 1656 1817 1727; baseline 0.001 -16"><span class='ocrx_word' id='word_1_132' title='bbox 117 1663 264 1726; x_wconf 77' lang='grc' dir='ltr'><em>θεῖν,</em></span> <span class='ocrx_word' id='word_1_133' title='bbox 303 1657 493 1727; x_wconf 80' lang='grc' dir='ltr'><em>ἕτερόν</em></span> <span class='ocrx_word' id='word_1_134' title='bbox 532 1679 584 1712; x_wconf 88' lang='grc' dir='ltr'><em>τι</em></span> <span class='ocrx_word' id='word_1_135' title='bbox 627 1662 783 1727; x_wconf 76' lang='grc' dir='ltr'><em>ζῶον,</em></span> <span class='ocrx_word' id='word_1_136' title='bbox 824 1658 941 1714; x_wconf 82' lang='grc' dir='ltr'><em>ἀλλ’</em></span> <span class='ocrx_word' id='word_1_137' title='bbox 990 1659 1092 1713; x_wconf 86' lang='grc' dir='ltr'><em>οὐκ</em></span> <span class='ocrx_word' id='word_1_138' title='bbox 1132 1661 1437 1727; x_wconf 80' lang='grc' dir='ltr'><em>ἄνθρωπον</em></span> <span class='ocrx_word' id='word_1_139' title='bbox 1478 1656 1634 1712; x_wconf 82' lang='grc' dir='ltr'><em>εἶναι.</em></span> <span class='ocrx_word' id='word_1_140' title='bbox 1675 1658 1722 1712; x_wconf 88' lang='grc'><em>6.</em></span> <span class='ocrx_word' id='word_1_141' title='bbox 1762 1661 1817 1713; x_wconf 83' lang='grc' dir='ltr'><em>τί</em></span> 
     </span>
     <span class='ocr_line' id='line_1_19' title="bbox 119 1745 1813 1818; baseline 0.001 -18"><span class='ocrx_word' id='word_1_142' title='bbox 119 1748 224 1817; x_wconf 74' lang='grc' dir='ltr'><em>γὰρ</em></span> <span class='ocrx_word' id='word_1_143' title='bbox 266 1747 570 1816; x_wconf 83' lang='grc' dir='ltr'><em>ἀνθρώπου</em></span> <span class='ocrx_word' id='word_1_144' title='bbox 605 1749 972 1818; x_wconf 79' lang='grc' dir='ltr'><em>μιαρώτερον;</em></span> <span class='ocrx_word' id='word_1_145' title='bbox 1010 1751 1066 1801; x_wconf 88' lang='grc' dir='ltr'><em>τί</em></span> <span class='ocrx_word' id='word_1_146' title='bbox 1103 1747 1185 1811; x_wconf 87' lang='grc' dir='ltr'><em>δε’;</em></span> <span class='ocrx_word' id='word_1_147' title='bbox 1226 1750 1326 1817; x_wconf 88' lang='grc' dir='ltr'><em>οὐχ</em></span> <span class='ocrx_word' id='word_1_148' title='bbox 1365 1749 1574 1818; x_wconf 77' lang='grc' dir='ltr'><em>ἥμερον</em></span> <span class='ocrx_word' id='word_1_149' title='bbox 1611 1745 1713 1817; x_wconf 71' lang='grc' dir='ltr'><em>μὲν</em></span> <span class='ocrx_word' id='word_1_150' title='bbox 1751 1749 1813 1801; x_wconf 90' lang='grc' dir='ltr'><em>τὸ</em></span> 
     </span>
     <span class='ocr_line' id='line_1_20' title="bbox 120 1834 1815 1907; baseline 0.001 -19"><span class='ocrx_word' id='word_1_151' title='bbox 120 1840 259 1901; x_wconf 82' lang='grc' dir='ltr'><em>ζῶον</em></span> <span class='ocrx_word' id='word_1_152' title='bbox 299 1838 423 1906; x_wconf 77' lang='grc' dir='ltr'><em>ἄχρι</em></span> <span class='ocrx_word' id='word_1_153' title='bbox 463 1837 719 1906; x_wconf 77' lang='grc' dir='ltr'><em>ῥήματος,</em></span> <span class='ocrx_word' id='word_1_154' title='bbox 759 1837 958 1907; x_wconf 78' lang='grc' dir='ltr'><em>ἄγριον</em></span> <span class='ocrx_word' id='word_1_155' title='bbox 997 1837 1060 1890; x_wconf 81' lang='grc' dir='ltr'><em>δὲ</em></span> <span class='ocrx_word' id='word_1_156' title='bbox 1094 1838 1186 1890; x_wconf 81' lang='grc' dir='ltr'><em>καὶ</em></span> <span class='ocrx_word' id='word_1_157' title='bbox 1219 1837 1422 1905; x_wconf 79' lang='grc' dir='ltr'><em>ἀπηνὲς</em></span> <span class='ocrx_word' id='word_1_158' title='bbox 1452 1848 1568 1899; x_wconf 81' lang='grc' dir='ltr'><em>τοῖς</em></span> <span class='ocrx_word' id='word_1_159' title='bbox 1606 1834 1815 1906; x_wconf 72' lang='grc' dir='ltr'><em>ἔργοιςς</em></span> 
     </span>
    </p>
   </div>
   <div class='ocr_carea' id='block_1_5' title="bbox 205 1934 356 1939">
    <p class='ocr_par' dir='ltr' id='par_1_6' title="bbox 205 1934 356 1939">
     <span class='ocr_line' id='line_1_21' title="bbox 205 1934 356 1939; baseline 0 0"><span class='ocrx_word' id='word_1_160' title='bbox 205 1934 356 1939; x_wconf 95' lang='lat' dir='ltr'><em> </em></span> 
     </span>
    </p>
   </div>
   <div class='ocr_carea' id='block_1_6' title="bbox 222 1982 1811 2064">
    <p class='ocr_par' dir='ltr' id='par_1_7' title="bbox 222 1982 1811 2064">
     <span class='ocr_line' id='line_1_22' title="bbox 222 1982 1811 2064; baseline 0.001 -39.012"><span class='ocrx_word' id='word_1_161' title='bbox 222 1987 294 2064; x_wconf 91' lang='lat'><em>18</em></span> <span class='ocrx_word' id='word_1_162' title='bbox 327 1982 434 2026; x_wconf 79' lang='lat' dir='ltr'>Luc.</span> <span class='ocrx_word' id='word_1_163' title='bbox 453 1982 564 2038; x_wconf 81' lang='lat' dir='ltr'>gall</span> <span class='ocrx_word' id='word_1_164' title='bbox 583 1987 679 2036; x_wconf 73' lang='lat'><em>§27</em></span> <span class='ocrx_word' id='word_1_165' title='bbox 806 1988 859 2027; x_wconf 85' lang='lat'>19</span> <span class='ocrx_word' id='word_1_166' title='bbox 887 1983 945 2027; x_wconf 82' lang='lat' dir='ltr'><em>cf.</em></span> <span class='ocrx_word' id='word_1_167' title='bbox 970 1999 1015 2039; x_wconf 86' lang='lat' dir='ltr'><em>p.</em></span> <span class='ocrx_word' id='word_1_168' title='bbox 1034 1987 1135 2037; x_wconf 82' lang='lat'>548,</span> <span class='ocrx_word' id='word_1_169' title='bbox 1148 1986 1196 2036; x_wconf 90' lang='grc'><em>8,</em></span> <span class='ocrx_word' id='word_1_170' title='bbox 1230 1987 1331 2038; x_wconf 83' lang='grc'><em>551,</em></span> <span class='ocrx_word' id='word_1_171' title='bbox 1344 1989 1411 2026; x_wconf 82' lang='lat'>12.</span> <span class='ocrx_word' id='word_1_172' title='bbox 1449 1982 1811 2034; x_wconf 79' lang='lat' dir='ltr'>&#39;1huo.V111,3</span> 
     </span>
    </p>
   </div>
   <div class='ocr_carea' id='block_1_7' title="bbox 243 2062 1814 2203">
    <p class='ocr_par' dir='ltr' id='par_1_8' title="bbox 243 2062 1814 2203">
     <span class='ocr_line' id='line_1_23' title="bbox 243 2062 1814 2203; baseline 0.001 -60"><span class='ocrx_word' id='word_1_173' title='bbox 243 2106 264 2143; x_wconf 91' lang='lat'>1</span> <span class='ocrx_word' id='word_1_174' title='bbox 300 2062 350 2146; x_wconf 79' lang='grc' dir='ltr'><em>δὲ</em></span> <span class='ocrx_word' id='word_1_175' title='bbox 375 2102 473 2146; x_wconf 88' lang='grc' dir='ltr'><em>ΗΒ</em></span> <span class='ocrx_word' id='word_1_176' title='bbox 501 2103 508 2157; x_wconf 89' lang='grc' dir='ltr'>Ι</span> <span class='ocrx_word' id='word_1_177' title='bbox 535 2100 812 2159; x_wconf 82' lang='grc' dir='ltr'><em>ἀλκιβιαδης</em></span> <span class='ocrx_word' id='word_1_178' title='bbox 836 2102 926 2145; x_wconf 88' lang='grc' dir='ltr'><em>Μα</em></span> <span class='ocrx_word' id='word_1_179' title='bbox 957 2101 1039 2145; x_wconf 80' lang='lat' dir='ltr'><em>sed</em></span> <span class='ocrx_word' id='word_1_180' title='bbox 1070 2118 1120 2203; x_wconf 80' lang='grc' dir='ltr'><em>ηὃ</em></span> <span class='ocrx_word' id='word_1_181' title='bbox 1131 2101 1180 2143; x_wconf 87' lang='lat' dir='ltr'><em>in</em></span> <span class='ocrx_word' id='word_1_182' title='bbox 1212 2114 1287 2145; x_wconf 81' lang='lat' dir='ltr'><em>ras</em></span> <span class='ocrx_word' id='word_1_183' title='bbox 1319 2101 1389 2143; x_wconf 79' lang='lat' dir='ltr'><em>m3</em></span> <span class='ocrx_word' id='word_1_184' title='bbox 1510 2106 1535 2144; x_wconf 84' lang='lat'><strong>3</strong></span> <span class='ocrx_word' id='word_1_185' title='bbox 1568 2099 1714 2158; x_wconf 89' lang='grc' dir='ltr'><em>μόνον</em></span> <span class='ocrx_word' id='word_1_186' title='bbox 1739 2115 1814 2145; x_wconf 88' lang='lat' dir='ltr'><em>om</em></span> 
     </span>
    </p>
   </div>
   <div class='ocr_carea' id='block_1_8' title="bbox 122 2161 1817 2778">
    <p class='ocr_par' dir='ltr' id='par_1_9' title="bbox 122 2161 1817 2778">
     <span class='ocr_line' id='line_1_24' title="bbox 122 2161 1814 2248; baseline -0.001 -13"><span class='ocrx_word' id='word_1_187' title='bbox 122 2191 172 2235; x_wconf 90' lang='lat' dir='ltr'><em>D</em></span> <span class='ocrx_word' id='word_1_188' title='bbox 233 2190 357 2234; x_wconf 82' lang='lat' dir='ltr'>inser</span> <span class='ocrx_word' id='word_1_189' title='bbox 383 2190 474 2235; x_wconf 75' lang='lat' dir='ltr'><em>Va²</em></span> <span class='ocrx_word' id='word_1_190' title='bbox 501 2191 507 2246; x_wconf 92' lang='grc' dir='ltr'>Ι</span> <span class='ocrx_word' id='word_1_191' title='bbox 535 2187 583 2234; x_wconf 84' lang='grc' dir='ltr'><em>δ’</em></span> <span class='ocrx_word' id='word_1_192' title='bbox 613 2204 689 2233; x_wconf 89' lang='lat' dir='ltr'><em>om</em></span> <span class='ocrx_word' id='word_1_193' title='bbox 714 2191 764 2235; x_wconf 89' lang='lat' dir='ltr'><em>D</em></span> <span class='ocrx_word' id='word_1_194' title='bbox 885 2194 911 2232; x_wconf 87' lang='lat'>4</span> <span class='ocrx_word' id='word_1_195' title='bbox 936 2161 1147 2248; x_wconf 75' lang='grc' dir='ltr'><em>ἀλκιβιαο</em></span> <span class='ocrx_word' id='word_1_196' title='bbox 1152 2177 1273 2235; x_wconf 66' lang='lat' dir='ltr'><em>”La</em></span> <span class='ocrx_word' id='word_1_197' title='bbox 1297 2190 1378 2234; x_wconf 84' lang='lat' dir='ltr'><em>sed</em></span> <span class='ocrx_word' id='word_1_198' title='bbox 1409 2206 1464 2234; x_wconf 89' lang='lat' dir='ltr'><em>ov</em></span> <span class='ocrx_word' id='word_1_199' title='bbox 1488 2190 1582 2233; x_wconf 77' lang='lat' dir='ltr'><em>add.</em></span> <span class='ocrx_word' id='word_1_200' title='bbox 1604 2205 1627 2235; x_wconf 81' lang='lat'>8</span> <span class='ocrx_word' id='word_1_201' title='bbox 1687 2191 1814 2234; x_wconf 78' lang='grc' dir='ltr'><em>ἀλκι-</em></span> 
     </span>
     <span class='ocr_line' id='line_1_25' title="bbox 530 2250 666 2304; baseline -0.007 -11"><span class='ocrx_word' id='word_1_202' title='bbox 530 2250 666 2304; x_wconf 80' lang='grc' dir='ltr'><em>ἀρκεῖ</em></span> 
     </span>
     <span class='ocr_line' id='line_1_26' title="bbox 123 2307 1814 2367; baseline -0.001 -15"><span class='ocrx_word' id='word_1_203' title='bbox 123 2307 292 2366; x_wconf 80' lang='grc' dir='ltr'><em>βιάδου</em></span> <span class='ocrx_word' id='word_1_204' title='bbox 310 2308 358 2351; x_wconf 91' lang='lat' dir='ltr'><em>D</em></span> <span class='ocrx_word' id='word_1_205' title='bbox 482 2313 507 2351; x_wconf 82' lang='lat'>5</span> <span class='ocrx_word' id='word_1_206' title='bbox 532 2308 735 2367; x_wconf 79' lang='grc' dir='ltr'><em>χωρεῖΙ)</em></span> <span class='ocrx_word' id='word_1_207' title='bbox 858 2313 883 2352; x_wconf 89' lang='grc'>6</span> <span class='ocrx_word' id='word_1_208' title='bbox 909 2315 1121 2365; x_wconf 81' lang='grc' dir='ltr'><em>γοργῶνα</em></span> <span class='ocrx_word' id='word_1_209' title='bbox 1140 2309 1214 2352; x_wconf 89' lang='lat' dir='ltr'><em>La</em></span> <span class='ocrx_word' id='word_1_210' title='bbox 1242 2311 1247 2362; x_wconf 92' lang='grc' dir='ltr'>Ι</span> <span class='ocrx_word' id='word_1_211' title='bbox 1276 2308 1327 2352; x_wconf 79' lang='grc' dir='ltr'><em>δὲ</em></span> <span class='ocrx_word' id='word_1_212' title='bbox 1346 2309 1451 2352; x_wconf 88' lang='lat' dir='ltr'><em>HV</em></span> <span class='ocrx_word' id='word_1_213' title='bbox 1566 2312 1592 2351; x_wconf 82' lang='grc'>8</span> <span class='ocrx_word' id='word_1_214' title='bbox 1617 2309 1814 2352; x_wconf 83' lang='grc' dir='ltr'><em>κώνειον</em></span> 
     </span>
     <span class='ocr_line' id='line_1_27' title="bbox 122 2366 1753 2424; baseline 0 -13"><span class='ocrx_word' id='word_1_215' title='bbox 122 2367 287 2423; x_wconf 76' lang='lat' dir='ltr'>scripsi</span> <span class='ocrx_word' id='word_1_216' title='bbox 327 2367 594 2411; x_wconf 80' lang='lat' dir='ltr'>auctoribus</span> <span class='ocrx_word' id='word_1_217' title='bbox 635 2366 792 2411; x_wconf 78' lang='lat' dir='ltr'>Gasda</span> <span class='ocrx_word' id='word_1_218' title='bbox 832 2369 879 2412; x_wconf 77' lang='lat' dir='ltr'><em>et</em></span> <span class='ocrx_word' id='word_1_219' title='bbox 918 2367 1092 2412; x_wconf 76' lang='lat' dir='ltr'>Cobeto</span> <span class='ocrx_word' id='word_1_220' title='bbox 1126 2366 1226 2411; x_wconf 89' lang='lat' dir='ltr'>Coll</span> <span class='ocrx_word' id='word_1_221' title='bbox 1259 2371 1344 2411; x_wconf 80' lang='lat'><em>283</em></span> <span class='ocrx_word' id='word_1_222' title='bbox 1386 2366 1477 2411; x_wconf 88' lang='lat' dir='ltr'>coll</span> <span class='ocrx_word' id='word_1_223' title='bbox 1507 2382 1552 2424; x_wconf 92' lang='lat' dir='ltr'><em>p.</em></span> <span class='ocrx_word' id='word_1_224' title='bbox 1578 2371 1679 2421; x_wconf 79' lang='lat'>552,</span> <span class='ocrx_word' id='word_1_225' title='bbox 1700 2373 1753 2411; x_wconf 85' lang='lat'>13</span> 
     </span>
     <span class='ocr_line' id='line_1_28' title="bbox 122 2424 1816 2483; baseline 0 -13"><span class='ocrx_word' id='word_1_226' title='bbox 122 2427 272 2472; x_wconf 80' lang='grc' dir='ltr'><em>κακὸν</em></span> <span class='ocrx_word' id='word_1_227' title='bbox 303 2426 411 2469; x_wconf 86' lang='lat' dir='ltr'>libri</span> <span class='ocrx_word' id='word_1_228' title='bbox 444 2427 535 2469; x_wconf 84' lang='lat' dir='ltr'><em>edd</em></span> <span class='ocrx_word' id='word_1_229' title='bbox 571 2429 576 2483; x_wconf 94' lang='grc' dir='ltr'>Ι</span> <span class='ocrx_word' id='word_1_230' title='bbox 613 2426 790 2471; x_wconf 84' lang='grc' dir='ltr'><em>τούτων</em></span> <span class='ocrx_word' id='word_1_231' title='bbox 815 2428 864 2471; x_wconf 90' lang='lat' dir='ltr'><em>D</em></span> <span class='ocrx_word' id='word_1_232' title='bbox 987 2432 1011 2469; x_wconf 88' lang='grc'><strong>9</strong></span> <span class='ocrx_word' id='word_1_233' title='bbox 1045 2424 1251 2482; x_wconf 83' lang='grc' dir='ltr'><em>γίγνεται</em></span> <span class='ocrx_word' id='word_1_234' title='bbox 1277 2427 1503 2471; x_wconf 80' lang='lat' dir='ltr'><strong><em>LaMaCl</em></strong></span> <span class='ocrx_word' id='word_1_235' title='bbox 1533 2427 1613 2470; x_wconf 81' lang='lat' dir='ltr'><em>sed</em></span> <span class='ocrx_word' id='word_1_236' title='bbox 1645 2427 1694 2470; x_wconf 91' lang='lat' dir='ltr'><em>in</em></span> <span class='ocrx_word' id='word_1_237' title='bbox 1728 2428 1816 2470; x_wconf 84' lang='lat' dir='ltr'><em>hoc</em></span> 
     </span>
     <span class='ocr_line' id='line_1_29' title="bbox 123 2484 1817 2542; baseline -0.001 -12"><span class='ocrx_word' id='word_1_238' title='bbox 123 2501 281 2542; x_wconf 80' lang='grc' dir='ltr'><em>γνεται</em></span> <span class='ocrx_word' id='word_1_239' title='bbox 313 2485 361 2527; x_wconf 88' lang='lat' dir='ltr'><em>in</em></span> <span class='ocrx_word' id='word_1_240' title='bbox 394 2499 468 2529; x_wconf 80' lang='lat' dir='ltr'><em>ras</em></span> <span class='ocrx_word' id='word_1_241' title='bbox 500 2485 571 2528; x_wconf 83' lang='lat' dir='ltr'><em>m²</em></span> <span class='ocrx_word' id='word_1_242' title='bbox 701 2491 752 2529; x_wconf 93' lang='lat'><em>11</em></span> <span class='ocrx_word' id='word_1_243' title='bbox 787 2484 856 2536; x_wconf 84' lang='grc' dir='ltr'><em>τίς</em></span> <span class='ocrx_word' id='word_1_244' title='bbox 881 2486 931 2529; x_wconf 86' lang='lat' dir='ltr'><em>H</em></span> <span class='ocrx_word' id='word_1_245' title='bbox 942 2486 1161 2530; x_wconf 76' lang='lat' dir='ltr'><em>VaMaCl</em></span> <span class='ocrx_word' id='word_1_246' title='bbox 1291 2490 1343 2528; x_wconf 82' lang='lat'>12</span> <span class='ocrx_word' id='word_1_247' title='bbox 1376 2485 1428 2530; x_wconf 92' lang='grc' dir='ltr'><em>τὸ</em></span> <span class='ocrx_word' id='word_1_248' title='bbox 1454 2487 1499 2530; x_wconf 87' lang='grc' dir='ltr'><strong><em>Β</em></strong></span> <span class='ocrx_word' id='word_1_249' title='bbox 1622 2491 1676 2529; x_wconf 83' lang='lat'>14</span> <span class='ocrx_word' id='word_1_250' title='bbox 1707 2487 1817 2536; x_wconf 84' lang='grc' dir='ltr'><em>τοὺς</em></span> 
     </span>
     <span class='ocr_line' id='line_1_30' title="bbox 123 2542 1815 2600; baseline 0.001 -12"><span class='ocrx_word' id='word_1_251' title='bbox 123 2546 232 2588; x_wconf 77' lang='lat' dir='ltr'><strong>ante</strong></span> <span class='ocrx_word' id='word_1_252' title='bbox 249 2545 534 2599; x_wconf 83' lang='grc' dir='ltr'><em>ἀνθρώπους</em></span> <span class='ocrx_word' id='word_1_253' title='bbox 549 2545 674 2588; x_wconf 81' lang='lat' dir='ltr'>inser</span> <span class='ocrx_word' id='word_1_254' title='bbox 692 2545 804 2589; x_wconf 79' lang='lat' dir='ltr'><em>Ma⁸</em></span> <span class='ocrx_word' id='word_1_255' title='bbox 926 2550 980 2588; x_wconf 83' lang='lat'>15</span> <span class='ocrx_word' id='word_1_256' title='bbox 1006 2543 1065 2600; x_wconf 83' lang='grc' dir='ltr'><em>μὴ</em></span> <span class='ocrx_word' id='word_1_257' title='bbox 1085 2543 1136 2589; x_wconf 76' lang='grc' dir='ltr'><em>δὲ</em></span> <span class='ocrx_word' id='word_1_258' title='bbox 1154 2544 1303 2588; x_wconf 91' lang='lat' dir='ltr'><em>HDB</em></span> <span class='ocrx_word' id='word_1_259' title='bbox 1315 2545 1534 2590; x_wconf 79' lang='lat' dir='ltr'><em>VaMaGl</em></span> <span class='ocrx_word' id='word_1_260' title='bbox 1655 2550 1708 2588; x_wconf 83' lang='lat'>16</span> <span class='ocrx_word' id='word_1_261' title='bbox 1732 2542 1815 2589; x_wconf 83' lang='grc' dir='ltr'><em>τὸν</em></span> 
     </span>
     <span class='ocr_line' id='line_1_31' title="bbox 124 2603 1816 2659; baseline 0 -12"><span class='ocrx_word' id='word_1_262' title='bbox 124 2603 280 2651; x_wconf 77' lang='lat' dir='ltr'><strong>Gasda</strong></span> <span class='ocrx_word' id='word_1_263' title='bbox 322 2606 327 2659; x_wconf 96' lang='grc' dir='ltr'>Ι</span> <span class='ocrx_word' id='word_1_264' title='bbox 372 2611 444 2658; x_wconf 86' lang='grc' dir='ltr'><em>φῶ</em></span> <span class='ocrx_word' id='word_1_265' title='bbox 476 2604 726 2658; x_wconf 79' lang='grc' dir='ltr'><em>παρελθὼν</em></span> <span class='ocrx_word' id='word_1_266' title='bbox 753 2605 827 2648; x_wconf 89' lang='lat' dir='ltr'><em>La</em></span> <span class='ocrx_word' id='word_1_267' title='bbox 966 2608 1016 2646; x_wconf 81' lang='lat'>17</span> <span class='ocrx_word' id='word_1_268' title='bbox 1059 2603 1315 2656; x_wconf 81' lang='grc' dir='ltr'><em>ἅνθρωπος</em></span> <span class='ocrx_word' id='word_1_269' title='bbox 1338 2605 1413 2648; x_wconf 87' lang='lat' dir='ltr'><em>La</em></span> <span class='ocrx_word' id='word_1_270' title='bbox 1446 2605 1527 2647; x_wconf 82' lang='lat' dir='ltr'><em>sed</em></span> <span class='ocrx_word' id='word_1_271' title='bbox 1560 2622 1582 2656; x_wconf 88' lang='grc' dir='ltr'><em>ς</em></span> <span class='ocrx_word' id='word_1_272' title='bbox 1612 2604 1661 2648; x_wconf 91' lang='lat' dir='ltr'><em>in</em></span> <span class='ocrx_word' id='word_1_273' title='bbox 1692 2618 1766 2647; x_wconf 82' lang='lat' dir='ltr'><em>ras</em></span> <span class='ocrx_word' id='word_1_274' title='bbox 1794 2618 1816 2647; x_wconf 82' lang='grc'><strong>3</strong></span> 
     </span>
     <span class='ocr_line' id='line_1_32' title="bbox 244 2661 1812 2720; baseline 0 -14"><span class='ocrx_word' id='word_1_275' title='bbox 244 2667 299 2706; x_wconf 91' lang='grc'>18</span> <span class='ocrx_word' id='word_1_276' title='bbox 316 2664 423 2718; x_wconf 75' lang='lat' dir='ltr'>post</span> <span class='ocrx_word' id='word_1_277' title='bbox 440 2661 492 2706; x_wconf 84' lang='grc' dir='ltr'><em>δέ</em></span> <span class='ocrx_word' id='word_1_278' title='bbox 507 2663 693 2719; x_wconf 79' lang='lat' dir='ltr'>signum</span> <span class='ocrx_word' id='word_1_279' title='bbox 709 2662 1090 2720; x_wconf 71' lang='lat' dir='ltr'>interrogationis</span> <span class='ocrx_word' id='word_1_280' title='bbox 1107 2662 1242 2719; x_wconf 82' lang='lat' dir='ltr'>posui</span> <span class='ocrx_word' id='word_1_281' title='bbox 1298 2662 1431 2706; x_wconf 86' lang='lat' dir='ltr'>colon</span> <span class='ocrx_word' id='word_1_282' title='bbox 1444 2665 1532 2708; x_wconf 89' lang='lat' dir='ltr'><em>Ma</em></span> <span class='ocrx_word' id='word_1_283' title='bbox 1590 2667 1812 2720; x_wconf 78' lang='lat' dir='ltr'>punctum</span> 
     </span>
     <span class='ocr_line' id='line_1_33' title="bbox 125 2719 1816 2778; baseline 0.001 -14"><span class='ocrx_word' id='word_1_284' title='bbox 125 2722 173 2764; x_wconf 89' lang='lat' dir='ltr'><em>D</em></span> <span class='ocrx_word' id='word_1_285' title='bbox 236 2735 417 2765; x_wconf 82' lang='lat' dir='ltr'>comma</span> <span class='ocrx_word' id='word_1_286' title='bbox 450 2722 535 2765; x_wconf 89' lang='lat' dir='ltr'><em>VB</em></span> <span class='ocrx_word' id='word_1_287' title='bbox 567 2721 658 2765; x_wconf 87' lang='lat' dir='ltr'><em>edd</em></span> <span class='ocrx_word' id='word_1_288' title='bbox 721 2737 794 2766; x_wconf 92' lang='lat' dir='ltr'><em>om</em></span> <span class='ocrx_word' id='word_1_289' title='bbox 813 2723 940 2766; x_wconf 83' lang='lat' dir='ltr'><em>HLa</em></span> <span class='ocrx_word' id='word_1_290' title='bbox 952 2721 1078 2765; x_wconf 81' lang='lat' dir='ltr'><em>VaCl</em></span> <span class='ocrx_word' id='word_1_291' title='bbox 1118 2723 1123 2774; x_wconf 83' lang='grc' dir='ltr'>Ι</span> <span class='ocrx_word' id='word_1_292' title='bbox 1167 2723 1249 2778; x_wconf 82' lang='grc' dir='ltr'><em>οὐχ</em></span> <span class='ocrx_word' id='word_1_293' title='bbox 1275 2719 1445 2778; x_wconf 81' lang='grc' dir='ltr'><em>ἥμερον</em></span> <span class='ocrx_word' id='word_1_294' title='bbox 1470 2749 1525 2754; x_wconf 79' lang='lat'><em>——</em></span> <span class='ocrx_word' id='word_1_295' title='bbox 1552 2727 1652 2776; x_wconf 85' lang='lat'>538,</span> <span class='ocrx_word' id='word_1_296' title='bbox 1671 2726 1696 2765; x_wconf 87' lang='grc'>9</span> <span class='ocrx_word' id='word_1_297' title='bbox 1724 2719 1816 2765; x_wconf 81' lang='grc' dir='ltr'><em>ἐστί</em></span> 
     </span>
    </p>
   </div>
   <div class='ocr_carea' id='block_1_9' title="bbox 122 2773 1817 2838">
    <p class='ocr_par' dir='ltr' id='par_1_10' title="bbox 122 2773 1817 2838">
     <span class='ocr_line' id='line_1_34' title="bbox 122 2773 1817 2838; baseline 0.001 -15"><span class='ocrx_word' id='word_1_298' title='bbox 122 2780 392 2837; x_wconf 78' lang='lat' dir='ltr'>praemissis</span> <span class='ocrx_word' id='word_1_299' title='bbox 424 2780 574 2824; x_wconf 82' lang='lat' dir='ltr'>verbis</span> <span class='ocrx_word' id='word_1_300' title='bbox 612 2786 694 2836; x_wconf 84' lang='grc' dir='ltr'><em>τῆς</em></span> <span class='ocrx_word' id='word_1_301' title='bbox 724 2779 908 2837; x_wconf 82' lang='grc' dir='ltr'><em>μελέτης</em></span> <span class='ocrx_word' id='word_1_302' title='bbox 938 2782 988 2825; x_wconf 81' lang='grc' dir='ltr'><em>ἐν</em></span> <span class='ocrx_word' id='word_1_303' title='bbox 1021 2773 1049 2838; x_wconf 80' lang='grc' dir='ltr'><strong><em>ᾖ</em></strong></span> <span class='ocrx_word' id='word_1_304' title='bbox 1085 2783 1184 2835; x_wconf 60' lang='grc' dir='ltr'><em>ΤΞ</em></span> <span class='ocrx_word' id='word_1_305' title='bbox 1185 2798 1249 2824; x_wconf 87' lang='grc' dir='ltr'><em>ων</em></span> <span class='ocrx_word' id='word_1_306' title='bbox 1288 2781 1454 2826; x_wconf 81' lang='grc' dir='ltr'><em>ἑαυτὸν</em></span> <span class='ocrx_word' id='word_1_307' title='bbox 1491 2780 1817 2838; x_wconf 73' lang='grc' dir='ltr'><em>προσαγγέλλει</em></span> 
     </span>
    </p>
   </div>
   <div class='ocr_carea' id='block_1_10' title="bbox 126 2851 1815 2968">
    <p class='ocr_par' dir='ltr' id='par_1_11' title="bbox 126 2851 1815 2968">
     <span class='ocr_line' id='line_1_35' title="bbox 128 2851 1815 2912; baseline 0.001 -14"><span class='ocrx_word' id='word_1_308' title='bbox 128 2853 285 2910; x_wconf 81' lang='grc' dir='ltr'><em>(μελέτ.</em></span> <span class='ocrx_word' id='word_1_309' title='bbox 312 2856 387 2909; x_wconf 83' lang='grc' dir='ltr'><em>κδ)</em></span> <span class='ocrx_word' id='word_1_310' title='bbox 419 2854 536 2898; x_wconf 78' lang='lat' dir='ltr'>citat</span> <span class='ocrx_word' id='word_1_311' title='bbox 558 2854 718 2898; x_wconf 83' lang='lat' dir='ltr'>Macar</span> <span class='ocrx_word' id='word_1_312' title='bbox 748 2853 829 2898; x_wconf 89' lang='lat' dir='ltr'><strong>fol.</strong></span> <span class='ocrx_word' id='word_1_313' title='bbox 855 2859 910 2898; x_wconf 81' lang='lat'>85</span> <span class='ocrx_word' id='word_1_314' title='bbox 939 2856 945 2910; x_wconf 90' lang='grc' dir='ltr'>Ι</span> <span class='ocrx_word' id='word_1_315' title='bbox 974 2855 1058 2910; x_wconf 80' lang='grc' dir='ltr'><em>οὐχ</em></span> <span class='ocrx_word' id='word_1_316' title='bbox 1083 2879 1138 2886; x_wconf 88' lang='grc'><strong>-</strong></span> <span class='ocrx_word' id='word_1_317' title='bbox 1166 2858 1220 2897; x_wconf 89' lang='grc'>19</span> <span class='ocrx_word' id='word_1_318' title='bbox 1247 2851 1465 2912; x_wconf 78' lang='grc' dir='ltr'><em>ῤ’ήματος]</em></span> <span class='ocrx_word' id='word_1_319' title='bbox 1493 2854 1599 2911; x_wconf 77' lang='grc' dir='ltr'><em>ἄχρι</em></span> <span class='ocrx_word' id='word_1_320' title='bbox 1631 2853 1714 2910; x_wconf 82' lang='grc' dir='ltr'><em>μὲν</em></span> <span class='ocrx_word' id='word_1_321' title='bbox 1738 2851 1815 2908; x_wconf 74' lang='grc' dir='ltr'><em>ῥ’ή-</em></span> 
     </span>
     <span class='ocr_line' id='line_1_36' title="bbox 126 2911 1154 2968; baseline -0.001 -12"><span class='ocrx_word' id='word_1_322' title='bbox 126 2929 269 2968; x_wconf 87' lang='grc' dir='ltr'><em>ματος</em></span> <span class='ocrx_word' id='word_1_323' title='bbox 304 2911 470 2968; x_wconf 84' lang='grc' dir='ltr'><em>ἥμερον</em></span> <span class='ocrx_word' id='word_1_324' title='bbox 503 2916 619 2965; x_wconf 81' lang='grc' dir='ltr'><em>ζῶον</em></span> <span class='ocrx_word' id='word_1_325' title='bbox 653 2913 676 2956; x_wconf 89' lang='grc' dir='ltr'><em>ὁ</em></span> <span class='ocrx_word' id='word_1_326' title='bbox 710 2913 964 2967; x_wconf 81' lang='grc' dir='ltr'><em>ἄνθρωπος</em></span> <span class='ocrx_word' id='word_1_327' title='bbox 994 2913 1154 2956; x_wconf 79' lang='lat' dir='ltr'>Macar</span> 
     </span>
    </p>
   </div>
  </div>
 </body>
</html>
