2026 3192
226 107 335 160 556
692 107 920 151 LIBANII
951 107 1340 152 DECLAMATlo
1372 109 1457 152 XII

225 264 366 312 ματα
414 242 447 295 ἃ
493 242 687 311 κέρδος
743 239 811 311 ἧν
866 251 1097 310 σιωπᾶν,
1149 246 1278 307 τοὺς
1316 243 1766 315 Άλκμαιωνίδας,
1818 249 1920 316 τὴν

225 342 337 384 τῶν
383 332 674 397 τυράννων
721 333 1045 399 κατάλυσιν,
1091 334 1189 386 τὸν
1226 334 1495 399 μυστικὸν
1542 333 1771 403 ὁπλίτην
1817 336 1917 392 τὸν

226 424 493 484 Καλλίαν,
533 422 628 483 τὰς
668 422 965 491 δᾳδουχίας
1004 422 1204 488 αὐτοῦ,
1251 422 1348 474 τὸν
1385 423 1519 488 μετὰ
1556 432 1668 475 τῶν
1707 422 1916 492 λαμπά-

226 511 337 562 δων
373 511 449 572 εἰς
479 513 812 579 Μαραθῶνα
845 511 1072 579 δρόμον,
1104 512 1206 578 τὴν
1245 509 1306 563 ἐν
1340 515 1618 579 Σαλαμῖνι
1650 514 1917 566 Κλεινίου

183 619 201 651 5
227 601 536 668 ναυμαχίαν
591 597 863 666 ἐπαινεῖν,
917 600 1018 667 τὴν
1072 598 1406 658 Ξανθίππου
1459 599 1582 666 περὶ
1640 601 1919 669 Μυκάλην

224 688 556 755 στρατηγίαν
609 688 936 756 θαυμάζειν,
991 690 1091 756 τὴν
1123 684 1452 758 Ἀγαρίστην
1500 687 1914 759 ἐκπλήττεσθαι,

134 780 253 824 RIV
272 785 355 824 193
403 777 505 844 τὴν
539 775 545 846 Ι
580 777 933 845 Δεινομάχην
958 779 1271 845 μακαρίζειν
1297 770 1420 830 οἷον
1449 779 1663 846 ἄγαλμα
1697 780 1774 842 εἰς
1798 789 1920 848 φῶς
1958 778 1961 781 ’

224 866 419 933 ἤγαγε,
465 867 566 919 τὸν
600 864 899 932 Ὀλύμπιον
938 875 1298 935 προσκυνεῖν,
1345 865 1435 919 καὶ
1476 868 1578 919 οὐκ
1618 867 1795 936 ἀρκεῖ,
1840 889 1916 921 τι-

222 962 332 1021 μᾶν
388 951 448 1007 δὲ
502 955 607 1023 ἤδη
663 955 752 1007 καὶ
799 951 1092 1008 Ἀσπασίαν
1144 957 1276 1021 μετὰ
1325 957 1659 1021 Σωκράτους
1708 957 1809 1025 τὴν
1858 957 1918 1010 ἐκ

157 1065 199 1096 10
224 1044 483 1111 Μιλήτου
521 1045 622 1112 τὴν
662 1043 714 1106 ἐξ
757 1044 1050 1112 οἰκήματος
1097 1044 1168 1105 ὡς
1209 1046 1483 1110 Διοτίμαν
1530 1043 1778 1098 ἐπαινεῖν
1815 1046 1919 1115 τὴν

224 1133 422 1201 σοφήν.
462 1139 634 1185 ταῦτα
673 1133 777 1202 γὰρ
810 1131 1149 1201 Ἀλκιβιάδης
1196 1132 1416 1185 ἀπαιτεῖ
1449 1131 1579 1202 παρ’
1623 1133 1779 1203 ἡμῶν
1824 1133 1915 1187 καὶ

221 1222 496 1284 τοιούτοις
535 1222 736 1289 ἥδεται.
779 1221 864 1273 39.
904 1222 971 1274 τὰ
1010 1218 1071 1274 δὲ
1111 1221 1215 1274 άπὸ
1256 1229 1351 1290 τῆς
1391 1220 1642 1289 ἑσπέρας,
1682 1222 1915 1292 ἀποτρό-

221 1330 376 1363 παιοι
415 1312 690 1380 δαίμονες,
729 1318 824 1378 τῆς
863 1318 1164 1381 συμφορᾶς.
1204 1311 1456 1364 κολάκων
1494 1307 1595 1378 μὲν
1637 1310 1745 1364 ἐκεῖ
1780 1315 1915 1380 πλῆ-

221 1405 327 1462 θος
367 1401 537 1469 εἰσρεῖ
575 1402 955 1468 πανταχόθεν,
1005 1399 1249 1467 ἐραστῶν
1296 1399 1358 1452 δὲ
1403 1398 1592 1468 ἕτερον
1630 1401 1916 1470 σύνταγμα

160 1508 200 1540 15
226 1487 620 1558 ἐπεισέρχεται,
660 1489 1002 1558 αὐλητρίδες,
1041 1488 1323 1556 ὀψοποιοί,
1363 1476 1643 1558 μαγείρων
1683 1493 1916 1558 πλῆθος,

224 1579 519 1646 οἰνοχόων,
573 1576 752 1630 πάντα
807 1575 888 1630 ἐπ’
953 1582 1071 1645 ἴσης
1123 1580 1319 1645 μοίρας
1372 1576 1463 1630 καὶ
1518 1576 1717 1641 τάξεως
1769 1586 1916 1647 μιᾶς,

223 1669 501 1734 σοφισταί,
541 1668 784 1734 κόλακες,
817 1668 1138 1734 φιλόσοφοι,
1177 1667 1499 1734 μαστροποί,
1534 1667 1752 1735 πόρνοι,
1791 1680 1915 1735 μισ-

224 1755 529 1823 άνθρωποι.
578 1755 822 1823 διαφορὰ
868 1753 918 1807 δ’
965 1754 1194 1821 οὐδεμία
1243 1753 1371 1824 παρ’
1419 1755 1566 1825 αὐτῷ
1614 1754 1733 1808 οὐδ’
1781 1755 1914 1819 ἐξαί-

345 1935 366 1972 1
401 1929 507 1972 Her.
543 1929 605 1973 VI
634 1935 729 1973 121.
762 1930 898 1974 Isocr.
924 1930 1019 1987 big.
1051 1944 1086 1973 c.
1116 1935 1170 1972 10
1301 1935 1326 1972 3
1360 1929 1502 1974 schol.
1537 1930 1597 1972 ad
1629 1930 1769 1973 Arist.
1803 1930 1912 1975 nub.

155 2002 158 2005 ·
224 1992 279 2031 64
426 1994 452 2030 4
483 1988 589 2032 Her.
616 1989 721 2032 VIII
749 1994 800 2032 17
947 1993 973 2032 5
1006 1989 1141 2033 Diod.
1177 1989 1263 2033 Sic.
1290 1989 1352 2031 XI
1377 1993 1445 2032 34.
1479 1989 1600 2033 Plut.
1635 1989 1733 2032 Per.
1761 1993 1786 2032 3

224 2052 248 2114 β
282 2047 389 2091 Her.
414 2047 478 2090 VI
505 2053 601 2093 131.
650 2048 771 2092 Plut.
805 2048 957 2116 Ρο1.·3
1103 2052 1127 2091 9
1174 2048 1289 2117 Plajz.
1323 2048 1501 2091 Menex.
1534 2064 1578 2104 p.
1608 2047 1760 2116 2353.
1805 2048 1912 2092 Luc.

222 2107 631 2223 {ffiagmlfflkssffij
647 2108 830 2210 {ffffi
823 2107 1090 2224 ffffigg.
1102 2107 1268 2220 1313?
1259 2107 1409 2219 {³123}
1418 2123 1464 2209 ’ξ’
1471 2144 1477 2151 ’
1499 2107 1780 2222 171356οῗ13ῗί
1774 2142 1913 2221 5425

342 2335 367 2373 5
400 2330 483 2386 τὴν
516 2331 562 2382 ἐξ
595 2328 740 2373 ἵππου
767 2331 812 2373 Β
862 2333 868 2385 1
916 2330 1022 2383 περὶ
1054 2329 1218 2385 scripsi
1251 2342 1306 2372 ex
1331 2329 1567 2373 HLaDGz
1634 2328 1763 2384 παρὰ
1788 2329 1832 2371 Β
1844 2329 1914 2373 Va

226 2389 314 2433 Ma
346 2388 437 2432 edd
515 2389 747 2444 scriptura
779 2389 827 2432 in
855 2389 914 2434 Or
944 2403 1108 2444 parum
1143 2390 1269 2431 certa
1399 2393 1423 2431 6
1456 2386 1716 2444 Ἀγαρίστην
1747 2387 1912 2443 scripsi

222 2447 339 2491 Mus.
373 2448 520 2491 Rhen.
554 2447 723 2491 XXXII
755 2451 810 2490 89
856 2462 961 2491 cum
1002 2446 1174 2490 Cobeto
1216 2446 1317 2492 Coll
1347 2452 1430 2490 283
1509 2445 1752 2503 ὃιαρίστην
1792 2447 1912 2502 (διάὁ

224 2504 383 2562 ρίστην
409 2509 500 2562 La)
540 2506 651 2549 libri
690 2507 780 2551 edd
925 2511 950 2550 8
992 2519 1104 2549 voce
1142 2507 1224 2550 τὸν
1264 2507 1344 2549 des
1371 2508 1446 2551 La
1476 2505 1650 2550 f01101
1694 2506 1823 2548 cuius
1862 2505 1912 2548 in

221 2565 433 2622 margine
465 2566 683 2610 inferiore
705 2564 851 2610 λείπει
873 2565 1072 2619 πολλά-1ρ
1123 2565 1303 2621 reliqua
1327 2566 1565 2621 perierunt
1685 2569 1710 2608 9
1745 2563 1796 2608 δὲ
1821 2563 1910 2620 ἤδη

221 2639 388 2680 parum
419 2627 547 2668 certa
578 2625 626 2668 111
653 2625 714 2669 Cr
750 2627 757 2681 Ι
799 2625 878 2668 καὶ
910 2626 1019 2667 ante
1052 2623 1139 2680 ἤδη
1164 2625 1219 2666 Η
1339 2629 1393 2667 10
1425 2625 1486 2674 ὡς
1515 2623 1691 2667 inserui
1722 2636 1747 2667 e
1777 2623 1912 2667 libris

224 2684 303 2726 sed
338 2683 569 2740 scriptura
599 2684 647 2726 in
676 2685 735 2729 Cr
773 2698 940 2740 parum
980 2685 1107 2726 certa
1183 2697 1258 2726 om
1290 2683 1379 2727 edd
1432 2685 1437 2739 Ι
1487 2681 1699 2738 ὃιοτίμην
1724 2682 1771 2725 D
1898 2720 1901 2727 ι

225 2747 276 2784 11
310 2750 457 2786 ταῦτα
491 2743 557 2787 Va
590 2743 671 2786 sed
702 2760 760 2786 τα
793 2743 884 2786 add
915 2742 986 2785 m⁴
1027 2745 1033 2796 Ι
1083 2742 1205 2786 αἰτεῖ
1225 2743 1327 2786 HD
1450 2747 1503 2785 16
1537 2740 1581 2786 δ’
1619 2743 1727 2784 ante
1760 2738 1832 2783 ἐπ’
1862 2741 1912 2784 D

222 2802 268 2844 B
302 2801 392 2844 edd
455 2801 605 2845 delevi
655 2804 661 2858 l
704 2799 779 2845 ἐπ’
817 2801 918 2857 ἴσης
949 2801 1113 2857 scripsi
1145 2814 1170 2844 e
1194 2802 1243 2844 D
1307 2799 1467 2856 ἐπίσης
1487 2800 1659 2855 reliqui
1681 2799 1790 2842 libri
1819 2799 1911 2842 edd

227 2860 231 2911 ἓ
283 2867 390 2915 μιᾶς
433 2874 508 2903 0111
544 2862 631 2904 Μα
706 2861 831 2903 inser
871 2860 961 2904 Va²
1113 2864 1165 2903 17
1210 2858 1402 2909 κόλακες
1445 2857 1662 2914 σοφισταί
1702 2859 1770 2901 Va

226 2922 279 2961 18
313 2917 506 2975 οὐδεμία
540 2919 704 2974 scripsi
738 2933 760 2961 e
787 2921 832 2963 B
862 2918 954 2962 Par
986 2923 1098 2962 3017
1131 2932 1234 2961 cum
1260 2918 1562 2962 Boissonadio
1586 2916 1803 2972 Pachym.
1825 2921 1909 2959 144
