2026 3192
234 103 336 156 166
694 101 923 146 LIBANlI
952 93 1344 146 DECLAMATIO
1375 101 1439 144 ΠΙ

339 242 643 307 Λιβανίου
690 241 1115 306 πρεσβευτικὸς
1160 240 1325 308 πρὸς
1359 239 1497 300 τοὺς
1544 247 1735 306 τρῶας-
1774 238 1918 306 ὑπὲρ

229 315 445 380 ἑλένης.
479 314 791 374 Μενέλαος
1410 362 1413 370 ,,

342 392 446 439 235
495 397 598 439 τοῦ
652 389 836 439 αυτοῦ
889 388 1315 454 πρεσβευτικὸς
1362 387 1506 456 πρὸς
1552 387 1688 448 τοὺς
1734 395 1919 454 τρῶας

231 462 371 529 ὑπὲρ
403 462 621 527 ἕλένης.
653 461 956 521 ὄδυσσεύς

338 539 614 601 Descripsit
641 538 782 601 Spyr.
808 538 1047 586 Lambros
1074 536 1346 601 Gatalogue
1371 538 1425 593 of
1451 538 1534 585 the
1561 536 1720 586 Greek
1743 515 1918 585 Manu-

229 615 405 676 scripts
437 630 500 661 on
531 613 707 661 Mount
737 613 896 660 Athos
921 612 971 659 II
1001 629 1048 674 p
1076 613 1179 661 392
1214 629 1261 659 n.
1289 612 1446 660 6050.

141 691 224 733 182
342 689 425 737 32.
458 688 691 735 Athous
730 687 942 734 Iberon
989 688 1106 734 129
1156 686 1442 738 chartaceus
1484 686 1672 734 formae
1714 688 1920 734 octavae

229 762 414 810 saeculi
446 756 762 827 XVHIJXIX
802 761 1024 809 continet
1062 760 1176 807 inde
1210 776 1239 807 a
1270 761 1392 808 folio
1429 761 1684 822 74Ausque
1718 761 1781 809 ad
1815 762 1915 808 121

229 835 530 900 Λιβανίου
562 833 992 901 πρεσβευτικὸν
1024 830 1070 881 α’
1101 832 1198 882 καὶ
1230 830 1276 897 β’
1307 849 1420 882 cum
1445 835 1650 898 exegesi.

321 903 617 972 ⁴Descripsit
647 908 886 956 Lambros
918 909 948 956 l.
975 909 1005 955 l.
1031 907 1083 955 II
1114 925 1159 970 p.
1189 909 1257 955 24
1289 925 1336 956 n.
1363 910 1523 956 4249.

143 989 225 1028 183
342 986 426 1032 33.
461 984 802 1032 Marcianus
835 982 1188 1044 appendicis
1221 983 1392 1031 class.
1417 982 1497 1030 IX
1523 983 1597 1030 25
1626 986 1771 1030 antea
1794 981 1921 1044 XCI,

229 1059 347 1106 olim
371 1059 691 1116 *Nanianus
726 1059 830 1105 293
865 1057 951 1119 qui
984 1071 1112 1105 anno
1150 1057 1291 1105 1800
1329 1057 1681 1106 bibliothecam
1713 1057 1920 1104 Marcia-

228 1149 344 1180 nam
374 1134 586 1181 intravit
616 1133 903 1180 chartaceus
935 1131 1125 1179 formae
1151 1134 1358 1191 quartae
1383 1147 1511 1179 anno
1540 1132 1679 1179 1752
1709 1131 1921 1193 scriptus

229 1207 570 1254 miscellaneus
596 1206 919 1255 scholasticus
945 1205 1164 1252 continet
1188 1207 1301 1266 post
1325 1205 1466 1252 varia
1482 1205 1700 1265 Homeri,
1718 1206 1921 1253 Demos-

229 1282 405 1342 thenis,
429 1281 610 1343 Lysiae
643 1296 768 1341 quae
800 1280 1018 1327 recenset
1051 1278 1322 1342 Catalogus
1334 1273 1375 1344 1)

339 1355 410 1403 fol
448 1355 549 1402 145
593 1353 870 1418 λιβανίου
909 1351 1336 1417 πρεσβευτικὸς
1374 1351 1519 1419 πρὸς
1558 1351 1694 1411 τοὺς
1735 1359 1922 1419 τρῶας

236 1425 376 1492 ὑπὲρ
402 1435 503 1491 τῆς
526 1426 750 1491 ἕλένης
786 1425 1067 1491 μενέλαος
1094 1429 1144 1474 et
1172 1428 1275 1475 150
1302 1434 1402 1475 τοῦ
1427 1425 1609 1476 αὐτοῦ
1633 1428 1922 1491 πρεσβευ-

232 1501 389 1562 τικὸς
413 1498 460 1567 β’
483 1501 629 1567 πρὸς
653 1500 789 1561 τοὺς
814 1499 1061 1564 ἕλληνας
1085 1498 1230 1566 ὑπὲρ
1256 1508 1356 1565 τῆς
1379 1498 1597 1564 ἕλένης.
1630 1498 1923 1559 ὄδυσσεύς

231 1592 341 1624 cum
371 1593 642 1640 neograeca
673 1576 980 1638 paraphrasi.
1012 1607 1014 1609 »

340 1651 538 1713 Inspexi
572 1667 699 1699 anno
737 1652 892 1699 1869.

344 1726 514 1773 Solam
545 1725 818 1774 versionem
852 1740 1176 1787 neograecam
1209 1723 1429 1770 continet
1460 1722 1610 1771 codex

145 1803 229 1842 184
349 1802 430 1847 34.
463 1799 852 1847 Atheniensis
884 1799 1212 1846 bibliothecae
1244 1797 1511 1845 nationalis
1549 1790 1743 1862 12982)
1778 1789 1923 1860 (olim

235 1867 364 1938 243)
390 1874 678 1921 chartaceus
703 1874 890 1921 formae
916 1875 1121 1933 quartae
1147 1870 1333 1919 saeculi
1357 1870 1687 1935 XVIIIJXIX.
1739 1870 1922 1932 Incipit

231 1948 368 2008 prior
391 1947 685 1995 declamatio
710 1947 795 1995 fol.
824 1947 890 1993 75
917 1950 1025 1994 oc⁰v
1052 1944 1228 2032 λογον
1261 1952 1361 1993 τοῦ
1394 1943 1537 2035 apog
1568 1942 1706 2002 τοὺς
1738 1947 1923 2010 τρῷας

233 2027 333 2070 τοῦ
363 2021 682 2085 Λιβανίου.
716 2018 1038 2078 Μενέλαος.
1086 2021 1124 2068 ὠ
1157 2023 1303 2087 τρῷες
1335 2038 1396 2066 αν
1430 2018 1545 2076 ἴσως
1578 2015 1603 2067 ὅ
1628 2015 1923 2081 ἀλέξανδρος

234 2093 412 2158 ἤθελεν
444 2089 535 2159 εἶχε
568 2093 754 2144 σκοπὸν
786 2093 848 2142 νὰ
879 2088 1004 2142 εἶναι
1035 2093 1157 2142 κατά
1187 2111 1232 2141 τι
1264 2092 1458 2140 δίκαιον
1488 2091 1616 2156 τώρα
1641 2090 1813 2140 λοιπὸν
1839 2088 1923 2139 δὲν

237 2187 323 2232 ητο
355 2167 470 2234 χέὸα
503 2187 620 2232 μητε
653 2168 818 2217 ὅπλων
851 2171 900 2215 et
932 2168 1113 2216 desinit
1144 2168 1228 2216 fol.
1257 2168 1352 2214 83γ
1382 2166 1801 2231 παρακινούμενοι
1831 2157 1917 2213 ὑπ’

234 2240 391 2291 ἄλλων
424 2237 515 2305 ὑφ’
552 2239 695 2306 ἡμῶν
728 2242 833 2306 δηλ.
868 2241 933 2304 μὴ
968 2240 1306 2290 ἀναδιδόντων
1337 2238 1428 2303 τὴν
1460 2238 1644 2302 ἕλένην.
1676 2238 1825 2300 τέλος,

344 2318 502 2365 altera
532 2317 710 2378 incipit
739 2317 824 2365 fol.
859 2317 927 2363 84
961 2322 1062 2364 τοῦ
1103 2313 1285 2363 αὐτοῦ
1317 2312 1741 2379 πρεσβευτικὸς
1777 2310 1922 2378 πρὸς

234 2389 369 2449 τοὺς
400 2394 579 2457 τρῷας
611 2387 755 2455 ὑπὲρ
788 2397 889 2453 τῆς
920 2387 1135 2452 ἓλένης.
1194 2382 1519 2446 Ὀδυσσεύς.

335 2453 397 2512 Ὦ
436 2468 584 2531 τρῷες
623 2462 870 2528 ἐνόμιζον,
912 2462 984 2512 ὅτι
1023 2460 1108 2511 δὲν
1147 2460 1310 2511 θέλετε
1348 2465 1572 2529 χροασθῇ
1612 2458 1735 2524 ὑμὸς
1774 2457 1922 2508 πλέον

236 2537 438 2596 οὐδενὸς
470 2537 616 2603 λόγου
649 2535 704 2596 ὂς
727 2537 780 2587 τὸ
805 2536 867 2585 νὰ
891 2536 1130 2599 θελήσητε
1162 2534 1396 2594 ἑκουσίως
1427 2533 1490 2583 νὰ
1514 2534 1738 2600 πράξητε.
1787 2532 1922 2589 Quae

235 2612 409 2661 folium
443 2613 509 2660 86
552 2612 732 2660 finiunt
769 2611 919 2660 verba
964 2610 1036 2658 ὅτι
1076 2610 1362 2672 φαίνονται,
1410 2625 1468 2656 ea
1515 2609 1824 2670 excipiuntur
1867 2608 1922 2654 in

355 2741 397 2794 1)
436 2737 715 2794 (Mittarelli)
755 2736 922 2781 Graeci
970 2737 1151 2781 codices
1205 2735 1512 2791 manuscripti
1563 2734 1688 2790 apud
1727 2719 1922 2787 NaniOS,

235 2797 472 2841 Bononiae
507 2801 619 2840 1784
650 2812 695 2853 p.
721 2801 821 2840 489.

353 2858 397 2912 2)
430 2855 497 2900 Cf.
535 2853 622 2899 Ἰω.
655 2852 947 2909 Σακκελίων,
1001 2855 1270 2911 Κατάλογος
1320 2860 1412 2897 τῶν
1465 2850 1788 2910 χειρογράφων
1841 2855 1923 2904 τῆς

238 2916 429 2971 ἐθνικῆς
460 2913 763 2973 βιβλιοθήκης
789 2912 1022 2964 Ἑλλάδος,
1055 2913 1252 2957 Athenis
1286 2916 1413 2966 1892,
1446 2927 1491 2967 p.
1517 2916 1617 2954 236.
