2054 3192
566 143 793 188 LIBANII
824 143 1127 189 APOLOGIA
1159 143 1445 189 SOCRATIS
1782 146 1854 198 63

165 277 386 349 ἐποίησε
440 289 781 348 κακουργῶν.
845 279 907 333 ἐν
959 280 1064 350 γὰρ
1126 287 1201 353 τῷ
1256 286 1579 349 μεταθεῖναι
1639 282 1700 334 τὸ
1756 289 1856 334 τοῦ

165 375 397 437 ποιητοῦ
436 371 774 438 κατηγόρηκε
812 375 912 422 τοῦ
954 369 1246 439 Πινδάρου
1286 368 1377 421 καὶ
1415 370 1513 422 τὸν
1552 370 1858 440 Σωκράτην

166 455 440 528 ἐπῄνεσεν.

279 546 363 600 88.
389 545 510 600 ”Eu
550 549 744 600 τοίνυν
784 545 1083 615 σκέψασθε,
1122 548 1356 617 πότερον
1400 546 1631 614 Θέογνις
1671 547 1857 616 ὀρθῶς

166 645 369 705 φρονεῖ
403 637 643 704 νομίζων
680 636 860 689 πάντα
899 637 1018 689 δεῖν
1057 644 1239 689 ποιεῖν
1277 636 1416 704 ὑπὲρ
1457 637 1749 707 χρημάτων
1784 637 1856 698 ὡς
1904 657 1924 690 5

163 731 260 792 τῆς
297 727 490 787 πενίας
530 732 694 793 σιγᾶν
734 724 1144 793 ἀναγκαζούσης
1183 724 1216 793 ἢ
1257 719 1418 787 οὗτος
1464 727 1714 795 οἰόμενος
1758 726 1857 778 τὸν

164 811 225 866 ἐν
277 815 440 884 πενίᾳ
493 814 757 877 πολλάκις
808 812 850 882 γ’
898 813 968 867 ἂν
1021 823 1133 867 τῶν
1188 814 1579 884 εὐπορούντων
1631 815 1858 882 ἄμεινον

164 902 337 955 εἰπεῖν
393 902 688 955 δύνασθαι.
743 900 833 955 καὶ
887 904 1042 972 ἤρκει
1088 899 1190 971 μὲν
1227 901 1369 970 <ὀὶν>
1416 903 1555 956 αὐτὰ
1600 903 1666 956 τὰ
1710 903 1857 972 παρὰ

162 997 261 1043 τοῦ
303 989 603 1054 διώκοντος
647 992 724 1054 εἰς
761 992 863 1060 τὴν
903 990 1210 1060 ἀπολογίαν
1246 990 1396 1060 ἡμῖν,
1436 991 1464 1044 6
1507 992 1787 1061 Λάμπρος,
1827 991 1855 1045 6

166 1081 415 1146 Φειδίας,
479 1079 508 1133 ὁ
562 1081 664 1150 μὲν
718 1079 780 1134 ἐν
832 1087 908 1154 τῷ
961 1081 1085 1151 περὶ
1147 1090 1260 1134 τῶν
1322 1080 1651 1150 ἀγαλμάτων
1712 1083 1856 1153 λόγῳ
1881 1103 1925 1135 10

161 1178 334 1222 νικῶν
369 1168 438 1221 ἂν
466 1168 805 1239 Ἰσχόμαχον,
844 1169 873 1223 6
907 1168 956 1223 δ’
989 1167 1306 1223 Ἱππόνικον
1346 1169 1406 1222 ἐν
1444 1177 1519 1241 τῷ
1559 1168 1684 1239 περὶ
1723 1190 1857 1239 μου-

163 1266 337 1326 σικῆς·
385 1259 432 1311 εἰ
472 1258 534 1310 δὲ
574 1259 658 1311 δεῖ
696 1278 749 1310 τι
787 1263 1146 1328 προσθεῖναι,
1194 1261 1277 1321 τίς
1323 1258 1425 1311 οὐκ
1473 1254 1627 1311 οἶδεν
1677 1259 1750 1321 ὡς
1797 1258 1857 1311 ἐν

162 1355 279 1409 ταῖς
320 1346 629 1415 ἐκκλησίαις
674 1345 871 1400 πολλοὶ
917 1343 1019 1414 μὲν
1066 1356 1178 1399 τῶν
1223 1348 1319 1409 τὰς
1366 1347 1558 1409 οὐσίας
1602 1346 1856 1415 κεκτημέ-

161 1454 278 1488 νων
310 1435 648 1502 ἀποροῦντες
679 1436 900 1505 γνώμης
931 1437 1147 1506 ἄφωνοι
1182 1435 1189 1506 Ι
1223 1435 1516 1504 κάθηνται,
1547 1439 1674 1488 πολ·
1750 1441 1870 1484 RIII
1888 1446 1942 1487 31

163 1522 248 1577 λοὶ
292 1525 352 1577 δε
383 1535 495 1578 τῶν
525 1526 808 1578 καταδεῶν
839 1523 872 1577 ἃ
905 1527 1153 1578 συνοίσει
1186 1524 1431 1593 λέγουσι;
1462 1525 1630 1577 πάλιν
1661 1527 1855 1578 τοίνυν
1879 1546 1921 1580 15

161 1612 253 1682 ὑφ’
300 1612 570 1684 ἑκατέρων
610 1624 847 1682 γνωμῶν
880 1612 1192 1683 λεγομένων
1225 1607 1307 1676 οἷς
1338 1633 1395 1666 τε
1427 1614 1654 1681 μεγάλοι
1685 1618 1853 1666 πλοῦ-

163 1722 248 1755 τοι
287 1701 379 1756 καὶ
418 1701 540 1773 παρ’
587 1696 670 1766 οἷς
708 1703 907 1773 μικρὸν
946 1702 1217 1773 ἀργύριον
1264 1703 1316 1756 οῑ
1362 1699 1464 1772 μὲν
1509 1699 1705 1766 ἔδοξαν
1753 1703 1854 1755 οὐκ

163 1786 224 1844 εὖ
281 1801 539 1862 φρονεῖν,
588 1794 640 1845 οἱ
688 1792 750 1845 δὲ
804 1793 871 1845 τὰ
918 1792 1114 1861 ἄριστα
1158 1801 1463 1862 παραινεῖν.
1519 1791 1705 1861 ὀρθῶς
1752 1787 1855 1844 οὖν

278 1971 305 2010 4
338 1966 543 2025 Theogn.
581 1972 813 2011 173-—182
847 1967 905 2011 cf.
938 1969 971 2012 t.
996 1967 1061 2012 IV
1094 1972 1193 2023 983,
1214 1968 1326 2012 lOR
1459 1972 1484 2011 9
1521 1967 1639 2012 Plat.
1673 1967 1851 2011 Menex.

162 2041 207 2082 p.
234 2030 319 2070 236
338 2027 379 2069 A
503 2032 554 2071 11
598 2042 668 2083 ep.
695 2031 794 2071 258.
829 2027 879 2070 cf
905 2027 1025 2071 Plat.
1058 2026 1182 2072 Prot.
1220 2042 1265 2083 p.
1292 2031 1375 2070 311
1397 2026 1450 2081 C3
1491 2027 1611 2071 Men.
1643 2042 1687 2083 p.
1716 2031 1768 2069 91
1789 2026 1852 2081 D3

160 2085 301 2142 Hipp.
334 2086 442 2129 mai.
475 2101 520 2143 p.
548 2091 633 2130 290
651 2087 703 2130 A.
745 2086 849 2142 Lys.
885 2101 946 2131 or.
983 2091 1051 2140 19,
1070 2090 1126 2130 46
1154 2088 1160 2142 Ι
1190 2086 1293 2143 Lys.
1327 2100 1390 2130 or.
1419 2090 1488 2141 19,
1507 2090 1562 2130 48

281 2252 307 2290 4
344 2247 536 2306 Θέογνις
569 2248 727 2306 ὀρθῶς
758 2249 923 2306 scripsi
955 2263 978 2292 e
1013 2249 1278 2294 MaUVaB
1351 2249 1507 2302 ὀρθῶς
1537 2247 1729 2306 θέογνις
1759 2249 1853 2292 Ath

162 2307 252 2350 edd
374 2313 400 2351 5
434 2311 508 2353 δεῖ
536 2309 581 2352 Β
706 2313 729 2352 7
763 2305 802 2366 γ’
839 2306 899 2352 ἂν
932 2308 1098 2364 scripsi
1122 2322 1146 2351 e
1172 2310 1217 2353 B
1279 2306 1368 2364 γᾶν
1392 2309 1486 2352 Ath
1548 2305 1608 2351 ὂιν
1635 2309 1722 2352 Ma
1735 2308 1852 2352 UVa

162 2366 263 2410 Mor
278 2366 346 2411 Re
377 2367 510 2423 ,quod
550 2370 739 2412 auctore
779 2367 935 2412 Gasda,
967 2367 1142 2411 delevit
1172 2368 1276 2424 Rog
1409 2372 1434 2410 8
1467 2365 1527 2411 ἂν
1557 2365 1732 2410 inserui

162 2430 188 2467 9
219 2424 304 2481 τὴν
344 2441 417 2470 om
452 2428 542 2471 Ma
575 2428 582 2485 Ι
624 2426 734 2483 ἡμῖν
774 2427 941 2484 scripsi
973 2440 998 2471 e
1032 2427 1175 2472 MaU
1181 2428 1248 2471 Va
1287 2428 1476 2470 auctore
1514 2425 1724 2470 Iacobsio
1756 2425 1854 2470 Not

163 2489 218 2528 28
259 2499 364 2529 cum
395 2485 498 2543 Rog
574 2486 684 2543 ὑμῖν
723 2488 768 2530 Β
845 2485 975 2543 ἡμῶν
1007 2487 1098 2530 Ath
1138 2485 1240 2529 Mor
1255 2486 1324 2530 Re
1398 2492 1452 2544 τῇ
1486 2485 1568 2542 μὲν
1600 2485 1705 2528 coni
1737 2485 1803 2528 Re
1843 2486 1846 2541 1

160 2542 384 2600 Λάμπρος
411 2545 577 2601 scripsi
610 2559 713 2588 cum
739 2544 920 2588 Sinteni
945 2545 1120 2589 Cobeto
1144 2545 1247 2602 Rog
1271 2545 1404 2600 (Mus.
1425 2544 1571 2588 Rhcn.
1588 2543 1758 2587 XXXII
1776 2548 1850 2597 32)

220 2603 428 2659 λαμπρὸς
457 2603 567 2647 libri
598 2604 700 2648 Mor
715 2604 784 2648 Re
816 2605 896 2660 qui
920 2601 1152 2660 Ὄλυμπος
1183 2604 1288 2648 coni
1412 2608 1465 2647 10
1498 2602 1542 2661 6]
1574 2610 1625 2647 'c‘
1662 2602 1713 2648 δὲ
1745 2603 1850 2647 coni

164 2661 229 2706 Re
257 2664 263 2718 Ι
289 2669 381 2707 τῶν
405 2677 481 2706 om
512 2663 557 2707 U
563 2664 679 2707 VaB
783 2668 836 2707 11
863 2661 924 2707 ἂν
942 2660 1215 2722 Ἰσχόμαχον
1240 2662 1405 2720 scripsi
1429 2662 1563 2720 (Mus.
1631 2661 1734 2706 hen.
1753 2662 1782 2704 1.
1801 2661 1850 2719 l.)

221 2720 505 2780 ἀνισόμαχον
541 2721 653 2765 libri
684 2722 786 2766 Mor
800 2722 869 2765 Re
940 2719 1213 2781 Ἰσχόμαχον
1252 2724 1441 2766 auctore
1481 2721 1654 2765 Cobcto
1687 2721 1791 2778 Rog

161 2778 430 2838 Λυσίμαχον
461 2781 567 2825 coni
597 2781 666 2825 Re
796 2786 849 2825 12
882 2777 1010 2826 οἶδεν
1041 2781 1206 2837 scripsi
1239 2795 1263 2825 e
1298 2781 1577 2826 MaAthUB
1609 2793 1715 2823 cum
1746 2780 1850 2837 Rog

162 2835 286 2883 εἶδεν
325 2839 396 2884 Va
427 2839 530 2884 Mor
544 2840 614 2884 Re
737 2845 790 2883 13
822 2847 913 2884 τῶν
936 2839 1038 2897 τὰς]
1069 2840 1153 2892 τὰς
1182 2847 1274 2884 τῶν
1307 2842 1400 2884 Ath
1519 2844 1576 2883 15
1609 2842 1849 2883 καταδεῶν

159 2897 347 2954 reposui
388 2911 412 2942 e
450 2898 583 2943 libris
623 2901 812 2943 auctore
850 2899 918 2943 Re
958 2913 1062 2943 cum
1094 2899 1197 2955 Rog
1265 2898 1507 2944 καταδέων
1545 2899 1647 2942 Mor
1662 2898 1729 2941 Re

284 2962 336 3000 16
369 2954 446 3014 ὑφ’
484 2958 648 3014 scripsi
681 2959 869 3002 auctore
901 2957 1058 3002 Gasda
1094 2971 1198 3002 cum
1228 2958 1332 3014 Rog
1406 2956 1487 3013 ἀφ’
1523 2956 1632 3000 libri
1663 2956 1765 3000 Mor
1780 2956 1848 3000 Re
