2026 3192
264 121 372 173 294
744 119 972 162 LIBANII
1002 118 1393 163 DECLAMATIO
1426 118 1468 162 V

173 274 257 312 220
374 262 457 308 51.
504 260 830 308 Vaticanus
878 277 949 323 gr.
986 260 1128 308 2250
1176 259 1465 307 chartaceus
1511 260 1699 307 formae
1746 262 1951 308 octavae

261 335 446 384 saeculi
476 334 594 382 XIV
604 328 645 399 1)
684 334 804 382 olim
841 336 967 382 teste
1014 333 1334 395 inscriptione
1374 333 1486 381 folii
1521 335 1547 380 1
1593 327 1661 400 (D
1685 328 1826 400 XXI)
1859 334 1950 381 Io-

261 411 430 458 annis
457 407 802 456 Oardinalis
827 408 887 456 de
912 407 1231 469 Salviatis,
1261 408 1370 454 tum
1395 400 1693 473 (LXXXIX)
1719 406 1952 456 Colum-

260 484 460 531 nensis
493 483 713 530 continet
735 484 850 544 post
882 481 1098 530 ἰωάννου
1128 479 1462 546 χρυσοστόμου
1494 479 1670 546 λόγους
1693 474 1950 547 (παραινε-

261 556 396 607 τικὸν
426 557 511 605 fol.
540 551 597 624 3)
631 559 680 604 et
709 555 977 622 γρηγορίου
1014 561 1102 603 τοῦ
1141 553 1382 620 θεολόγον
1420 552 1692 621 ἀπολογίαν
1723 549 1831 622 (fol.
1857 553 1950 618 81)

263 634 312 679 et
355 630 614 679 Βασιλείου
661 638 747 679 τοῦ
795 628 1005 695 μεγάλου
1052 628 1227 694 λόγους
1267 624 1373 696 (fol.
1410 622 1539 696 114)
1588 630 1638 677 et
1684 629 1952 687 Πλάτωνος

266 705 502 754 Φαίδωνα
534 698 643 771 (fol.
673 697 802 771 167)
833 704 948 751 inde
981 719 1010 751 a

371 787 492 834 folio
529 787 632 833 203
667 785 945 850 λιβανίου
977 782 1269 850 ἀπολογία
1299 778 1405 850 (γρ’
1435 782 1685 851 ἀντιλογία
1725 784 1778 831 in
1809 800 1953 848 marg

263 854 356 927 m2)
389 854 519 924 παρ’
564 856 841 924 ἀχιλλέως
879 858 1025 924 πρὸς
1063 855 1317 907 ὀδυσσέα
1354 858 1764 925 πρεσβεύοντα
1807 855 1951 906 ἀπο-

264 933 483 983 θέσθαι
527 931 634 997 τὴν
682 940 861 998 μῆνιν
901 950 1014 982 cum
1053 932 1411 994 subscriptione
1441 933 1693 982 rubricata
1724 933 1810 981 fol.
1845 934 1949 981 216

261 1007 393 1067 τέλος
417 1008 641 1072 λιβανίου
666 1005 906 1073 ἀπολογία
927 1006 1053 1073 πρὸς
1076 1004 1287 1056 ὀδυσσέα
1309 1007 1643 1072 πρεσβεύοντα
1665 1004 1954 1056 ἀποθέσθαι

263 1081 350 1145 τὴν
383 1089 533 1147 μῆνιν
573 1093 579 1098 “

374 1165 477 1212 217
512 1161 875 1227 Δημοσθένους
906 1161 1049 1228 λόγος
1081 1160 1191 1226 περὶ
1223 1161 1470 1225 στεφάνου

375 1239 479 1286 249
513 1235 788 1303 ἀριστείδου
819 1234 1166 1301 πρεσβευτικὸς
1197 1235 1319 1299 πρὸς
1350 1233 1542 1300 ἀχιλλέα

376 1313 480 1360 253
840 1307 964 1372 ’ὑπὲρ
995 1317 1093 1358 τῶν
1123 1310 1359 1374 τεττάρων
1401 1372 1403 1377 .

376 1388 478 1434 291
513 1384 822 1451 πλουτάρχου
851 1382 962 1451 περὶ
992 1384 1472 1450 πολυπραγμοσύνης

376 1461 482 1509 300
841 1457 926 1509 τὸν
957 1458 1139 1508 κόλακα
1170 1465 1258 1508 τοῦ
1290 1458 1439 1520 φίλου

377 1535 480 1582 325
515 1537 782 1582 λουκιανοῦ
812 1530 923 1598 περὶ
954 1539 1051 1581 τῶν
1084 1530 1162 1580 ἐπὶ
1193 1536 1359 1600 μισθῷ
1392 1531 1644 1582 συνόντων

377 1609 480 1656 339
524 1614 609 1656 τοῦ
649 1606 803 1656 αὐτοῦ
834 1609 1103 1655 λουκιανοῦ
1135 1604 1374 1671 ἀπολογία
1404 1605 1515 1672 περὶ
1544 1613 1643 1654 τῶν
1676 1604 1756 1665 ἐπὶ
1788 1609 1954 1673 μισθῷ

264 1681 515 1730 συνόντων

377 1757 509 1804 353V
539 1755 863 1820 φιλοστράτου
897 1754 967 1813 εἰς
997 1752 1083 1803 τὸν
1115 1752 1422 1803 ἀπολλωνίου
1455 1754 1579 1818 βίον.

372 1837 573 1900 Inspexi
603 1853 732 1885 anno
768 1839 925 1886 1895.

375 1918 600 1981 Denique
630 1919 753 1967 haec
782 1918 924 1966 tituli
953 1919 1114 1966 forma
1147 1919 1299 1965 etiam
1330 1919 1383 1964 in
1415 1917 1606 1966 codices
1637 1916 1840 1965 transiit
1867 1917 1953 1979 qui

267 2009 377 2041 cum
416 2009 619 2055 corpore
657 1992 909 2040 Aristideo
948 1992 1050 2039 iam
1092 1991 1219 2039 nihil
1250 2006 1507 2040 commune
1538 1990 1736 2039 habent.
1802 1989 1952 2039 Cuius

265 2067 457 2130 generis
489 2069 628 2115 sunt:
1936 2082 1940 2085 ·

379 2149 461 2196 52
512 2147 844 2196 Chalcenus
892 2146 1189 2209 Deiparae
1241 2147 1344 2194 158
1398 2161 1523 2194 saec.
1563 2145 1656 2193 XV
1704 2144 1788 2193 fol.
1831 2147 1951 2194 202

266 2221 390 2268 Vide
423 2238 574 2284 supra
603 2239 650 2284 p.
677 2224 780 2270 223
801 2238 872 2284 sq.

178 2316 260 2353 221
379 2305 464 2352 53.
494 2303 925 2351 Ambrosianus
957 2303 997 2349 Ε
1026 2303 1092 2350 81
1128 2318 1235 2364 sup.
1269 2286 1440 2368 (295
1425 2318 1479 2349 in
1511 2301 1738 2364 catalogo
1771 2316 1801 2348 a
1824 2299 1952 2347 Mar-

264 2376 389 2425 tinio
415 2380 464 2424 et
487 2377 661 2426 Bassio
690 2370 847 2444 edito)
873 2376 993 2425 olim
1017 2375 1216 2439 Georgii
1240 2375 1458 2423 Merulae
1479 2373 1804 2422 Alexandrini
1826 2363 1953 2421 teste

265 2451 585 2512 inscriptione
623 2449 721 2499 ἐστι
758 2450 983 2516 γεοργίου
1021 2456 1108 2498 τοῦ
1148 2446 1476 2532 ἀλεξαινδρέως
1522 2466 1600 2496 και
1649 2454 1747 2496 τῶν
1794 2446 1954 2509 φίλων

267 2524 554 2573 chartaceus
608 2525 794 2573 formae
849 2526 1052 2572 octavae
1102 2523 1304 2571 maioris
1358 2523 1553 2571 saeculo
1592 2521 1684 2570 XV
1730 2520 1952 2584 pluribus

267 2598 493 2647 manibus
526 2602 757 2647 exaratus
788 2598 1131 2646 miscellaneus
1158 2598 1248 2658 qui
1271 2596 1491 2645 continet
1520 2596 1633 2657 post
1656 2594 1796 2643 varia
1828 2610 1953 2658 quae

267 2674 486 2720 recenset
517 2674 774 2736 catalogus
798 2672 830 2720 1.
855 2672 886 2719 1.
918 2687 965 2733 p.
993 2672 1095 2719 331
1117 2686 1188 2733 sq.
1211 2671 1326 2718 inde
1359 2686 1388 2717 a
1419 2670 1539 2717 folio
1568 2671 1669 2718 261
1704 2685 1859 2731 usque
1892 2667 1955 2734 ad

271 2746 375 2794 268
408 2745 634 2810 λιβανίου
665 2744 929 2809 ἐπιστολαί,
961 2760 1169 2807 quarum
1201 2744 1390 2806 primae

390 2931 432 2986 1)
462 2930 514 2974 In
547 2930 660 2974 folio
694 2935 745 2973 2V
769 2929 995 2986 scriptum
1017 2930 1172 2972 exstat
1193 2925 1338 2978 πόνος
1362 2901 1631 2983 φιαλιτίὸεω
1655 2926 1760 2970 τοδὶ
1780 2924 1950 2969 πέλειε-
