2026 3192
510 107 735 152 LIBANII
765 106 1026 151 LEGATIO
1058 106 1332 150 MENELAI
1693 107 1798 160 169

227 250 357 297 176γ
373 244 440 312 ιη’
458 246 709 311 φθονερὸς
730 254 818 296 τοῦ
835 248 1052 313 γείτονος
1076 245 1230 296 αὐτοῦ
1253 246 1619 311 πλουτήσαντος
1640 241 1797 315 (159)

227 323 358 371 188ν
389 319 462 370 ιθ’
492 321 725 380 πλούσιος
756 319 810 370 ἕν
841 325 963 386 λιμῶ
996 319 1209 388 θρέψειν
1240 319 1516 386 ὑπισχνεῖτο
1543 315 1701 388 (227)

224 398 355 445 195ν
386 393 414 445 ἦ
447 394 500 444 ἐν
531 395 753 460 κορίνθω
784 394 1015 462 γε’γνονεν
1046 394 1210 459 ἑταίρα
1235 390 1392 463 (430)

222 472 326 520 205
362 467 439 518 κα’
474 468 642 533 λοιμὸς
672 469 826 535 ἐπεῖχε
858 469 949 534 τὴν
980 468 1124 518 πόλιν
1149 463 1306 536 (723)

214 546 319 593 213
353 538 431 608 κβ’
461 542 546 603 τὰς
576 545 774 603 πλείους
806 543 1018 607 ψήφους
1047 548 1243 608 κρατεῖν
1266 537 1424 611 (502)

212 621 317 667 219
359 638 418 684 κγ
457 618 886 683 πρεσβευτικὸς
925 617 1070 683 πρὸς
1110 617 1246 678 τοὺς
1285 625 1471 714 τρῶας
1512 616 1655 684 ὑπὲρ
1695 626 1795 683 τῆς

105 690 323 756 ἒλένης.
358 690 383 741 ὁ
415 690 697 757 μενέλαος

219 769 352 815 224V
382 766 443 814 κδ
474 767 899 833 πρεσβευτικὸς
930 766 1076 833 πρὸς
1108 765 1245 826 τοὺς
1282 738 1470 833 τρῶας
1509 765 1654 833 ὑπὲρ
1694 775 1796 833 τῆς

0 860 5 909 *3
105 838 324 904 ελένης.
359 838 647 899 ὀδυσσεύς

220 917 324 963 242
359 914 482 981 πρὸς
514 913 599 963 τὸν
631 912 842 964 ὀδυσσέα
872 913 925 964 ἕν
957 919 1108 973 λιταῖς
1140 913 1346 980 πρέσβιν
1385 914 1635 982 ἀντιλογία
1665 914 1794 982 ἀχιλ·

103 987 222 1048 λέως
247 983 380 1055 (47).
458 990 654 1038 Desinit
684 990 804 1038 folio
840 992 968 1038 2431Ρ
997 991 1050 1037 in
1081 990 1233 1038 verba
1264 987 1346 1038 καὶ
1377 989 1430 1040 τὸ
1463 989 1585 1055 δόρυ
1616 989 1669 1040 τὸ
1701 1008 1792 1039 πα-

0 1138 2 1143 .
103 1062 269 1128 τρικόν
308 1057 379 1130 (p.
414 1064 505 1124 50,
526 1058 655 1130 1R).

213 1138 411 1186 Folium
430 1140 561 1186 243V
577 1139 798 1187 eontinet
819 1137 1042 1204 γνωμικά
1065 1155 1214 1186 manu
1239 1139 1426 1187 saeculi
1441 1138 1560 1186 XIV
1578 1142 1792 1187 exarata.

215 1211 377 1260 Codex
417 1215 662 1261 correctus
704 1215 778 1261 est
816 1213 1041 1275 pluribus
1080 1213 1330 1262 manibus:
1380 1229 1410 1260 a
1439 1213 1645 1262 librario
1683 1215 1792 1276 ipso

103 1278 184 1351 (=
207 1280 297 1354 m),
329 1302 442 1334 raro
469 1303 498 1335 a
521 1303 672 1334 manu
697 1287 913 1335 secunda,
938 1282 1016 1354 (=
1036 1280 1086 1353 f)
1112 1290 1162 1335 et
1184 1289 1335 1335 tertia
1360 1281 1440 1354 (=
1458 1282 1516 1354 n)
1541 1290 1591 1335 et
1614 1290 1793 1350 quarta

103 1355 182 1425 (=
206 1355 276 1426 x),
308 1360 476 1409 crebro
509 1377 538 1408 a
572 1362 747 1423 quinta
781 1354 860 1427 (=
884 1355 958 1428 y).

212 1434 414 1483 Contuli
445 1451 573 1483 anno
609 1436 764 1484 1870.

210 1509 288 1557 Ab
320 1510 414 1558 hoo
443 1511 665 1571 proxime
698 1512 800 1558 stat
831 1509 980 1558 codex

211 1585 295 1632 40.
322 1582 805 1632 Vindobonensis
830 1584 1053 1633 Philos.
1080 1586 1137 1632 et
1159 1584 1376 1632 Philol.
1400 1584 1473 1631 IV
1491 1585 1558 1632 82
1581 1577 1662 1651 (=
1679 1578 1768 1650 Vi)
1796 1592 1879 1632 188

0 1687 2 1698 =
51 1686 64 1705 τ
101 1657 389 1707 chartaceus
443 1659 631 1706 formae
686 1658 797 1706 folii
842 1659 1039 1707 saeculo
1074 1658 1195 1706 XIV
1241 1661 1450 1707 exeunte
1503 1659 1790 1707 litteratura

98 1732 363 1779 vetustatis
395 1732 617 1780 studiosa
649 1735 878 1780 exaratus
911 1733 1031 1780 olim
1067 1733 1313 1782 Ioannis
1346 1732 1623 1782 Sambuei
1662 1735 1789 1782 teste

100 1805 422 1867 inscriptione
446 1807 557 1854 folii
585 1809 637 1854 1:
669 1807 810 1854 Ioan.
828 1806 1071 1855 Sambuci.
1088 1807 1217 1854 Hist.
1241 1807 1315 1855 ΝΟ
1333 1809 1400 1855 13
1426 1809 1647 1855 continet
1671 1823 1787 1869 qua-

96 1880 406 1928 ternionibus
445 1899 508 1928 κα
546 1884 662 1942 post
700 1879 893 1940 εἰκόνας
930 1880 1263 1946 Φιλοστράτου
1303 1897 1430 1944 quae
1476 1881 1600 1930 folia,
1644 1881 1789 1929 hodie

96 1953 313 2002 numeris
344 1955 635 2003 186-210
669 1955 867 2018 signata
889 1956 1100 2018 implent

208 2028 294 2076 fol.
330 2031 352 2075 1
393 2028 618 2093 λιβανίου
651 2035 889 2091 σοφιστοῦ
922 2026 1110 2092 μελέται

207 2101 381 2165 Νόμος
412 2101 497 2152 τὸν
528 2099 686 2166 ἄνδρα
715 2101 806 2166 τὴν
836 2107 1017 2168 προῖκα
1049 2098 1180 2169 (582
1206 2099 1274 2171 R)

211 2177 279 2224 10
311 2175 364 2224 οἷ
389 2176 698 2227 ποτιδαιάται
727 2175 950 2240 ἀλλήλων
984 2171 1141 2245 (348)

210 2252 276 2298 18
310 2248 363 2298 ἐν
394 2250 614 2315 κορίνθω
646 2249 845 2316 γέγονεν
875 2249 1040 2317 ἑταίρα
1073 2245 1228 2319 (430)

208 2325 304 2371 23v
334 2322 552 2388 ἀλκίππη
584 2324 812 2391 θυγάτηρ
843 2323 987 2390 ἄρεος
1019 2319 1176 2393 (402)

208 2398 274 2445 26
310 2395 363 2446 ἐκ
393 2405 480 2447 τοῦ
511 2396 738 2448 ἐναντίου
770 2396 796 2447 ὁ
827 2396 951 2464 ἄρης
984 2393 1140 2468 (410)

207 2473 273 2520 29
310 2470 335 2520 ὃ
366 2472 523 2536 κίμων
554 2472 706 2522 αἰτῶν
735 2470 859 2538 ὑπὲρ
891 2481 978 2523 τοῦ
1009 2473 1192 2539 πατρὸς
1219 2474 1432 2538 δεθῆναι
1463 2467 1620 2541 (335)

207 2546 275 2594 33
308 2545 542 2605 πλούσιος
573 2545 858 2611 ἀριστεύσας
889 2546 1070 2612 ᾔτησεν
1101 2547 1171 2607 εἰς
1202 2547 1293 2611 τὴν
1318 2545 1507 2613 δωρεὰν
1537 2547 1654 2607 τοὺς
1686 2566 1782 2610 φυ-

92 2616 246 2682 γάδας
276 2613 434 2686 (540)

0 2929 6 2987 ἐ

206 2693 274 2741 38
309 2692 506 2743 διέσωσέ
543 2712 615 2753 τις
654 2693 945 2762 ἐμπρησμοῦ
984 2710 1096 2744 cum
1140 2696 1426 2758 protheoria
1463 2698 1517 2743 in
1555 2696 1677 2744 folio
1713 2697 1779 2743 37

92 2780 243 2814 manu
274 2768 488 2816 secunda
520 2771 808 2818 correcti-ico
841 2769 1011 2818 addita
1044 2763 1099 2837 (7
1107 2765 1202 2836 39)

205 2841 273 2888 47
307 2840 459 2905 νόμος
490 2841 575 2892 τὸν
606 2843 835 2908 θορύβου
866 2841 948 2891 καὶ
980 2843 1189 2902 στάσεως
1221 2837 1379 2910 (707)

206 2914 302 2961 52ν
332 2914 583 2980 φθονερὸς
613 2924 700 2965 τοῦ
733 2917 948 2982 γείτονος
982 2911 1139 2982 (159)
