2054 3192
580 120 805 164 LIBANII
837 118 1142 164 APOLOGIA
1174 119 1459 164 SOCRATIS
1837 120 1865 171 7

292 265 372 309 11.
412 260 746 308 Vaticanus
786 276 864 323 gr.
909 262 1010 308 941
1051 275 1174 309 saec.
1207 259 1298 306 XV
1345 260 1429 307 fol.
1466 261 1560 307 22V
1599 275 1657 308 ex
1698 259 1866 307 eodem

177 335 444 398 exemplari
485 335 758 395 descriptus
801 337 874 382 est
914 351 1011 396 quo
1043 333 1237 383 Athous
1269 333 1354 382 sed
1385 334 1574 382 minore
1616 349 1726 381 cum
1758 333 1865 382 fide.

176 410 302 458 Vide
327 412 361 459 t.
386 409 411 456 I
440 426 488 471 p.
524 409 627 455 228
648 423 718 470 sq.
752 407 959 456 Initium
991 409 1194 456 contuli.

291 485 372 531 12.
412 481 856 531 Laurentianus
890 481 1030 529 LVII
1065 485 1133 531 20
1167 497 1290 530 saec.
1323 481 1415 528 XV
1446 481 1529 529 fol.
1561 483 1624 529 17
1659 482 1781 529 item
1812 497 1870 529 ex

176 557 345 606 eodem
377 557 643 618 exemplari
675 572 771 617 quo
805 556 999 604 Athous
1032 559 1260 604 exaratus
1301 558 1375 603 est
1407 555 1492 602 sed
1531 555 1719 603 minore
1756 571 1869 603 cum

178 647 307 680 cura.
370 630 496 678 Vide
529 633 565 679 t.
596 629 623 677 Ι
652 647 700 692 p.
736 631 802 678 39
824 645 894 692 sq.
928 632 978 678 et
1012 631 1114 678 236
1151 632 1200 678 et
1232 630 1354 678 432.
1416 629 1623 676 Initium
1667 630 1868 690 contuli,

175 707 334 754 totam
374 706 648 753 orationem
686 704 927 752 Henricus
967 704 1221 768 Rostagno
1261 703 1312 750 in
1359 719 1503 751 usum
1536 703 1717 766 Roggii
1758 719 1868 751 con-

175 780 295 827 tulit
327 781 411 840 qui
444 794 556 827 eum
586 778 758 826 littera
788 778 828 825 L
860 778 1134 841 insignivit.

291 855 373 901 13.
398 852 726 900 Vaticanus
752 851 1200 900 Ottobonianus
1226 868 1303 915 gr.
1333 852 1399 899 69
1428 866 1551 899 saec.
1576 846 1870 916 XVIJXVII

177 927 261 975 fol.
288 931 312 974 1
342 928 463 975 item
488 942 546 974 ex
571 926 741 974 eodem
766 928 902 974 fonte
927 942 1026 988 quo
1051 926 1260 986 Athous,
1284 925 1558 973 Vaticanus
1586 927 1708 986 941,
1740 925 1868 973 Lau-

176 1003 435 1050 rentianus
452 1000 592 1048 LVII
619 1002 687 1048 20
714 1001 979 1049 derivatus.
1022 1001 1139 1048 Vite
1164 1002 1199 1049 t.
1216 1000 1243 1047 I
1265 1017 1312 1062 p.
1334 1002 1437 1047 222
1466 1001 1514 1046 et
1543 1000 1645 1048 236
1674 1000 1723 1047 et
1748 1000 1869 1047 432.

292 1077 373 1123 14.
414 1074 843 1122 Ambrosianus
876 1075 915 1122 L
944 1075 1011 1122 64
1038 1090 1161 1122 saec.
1187 1073 1305 1122 XIV
1335 1074 1419 1121 fol.
1447 1075 1550 1120 217
1579 1073 1641 1121 ad
1667 1073 1870 1122 eandem

178 1150 418 1197 familiam
442 1149 660 1210 pertinet
685 1152 834 1211 atque
861 1164 982 1211 quos
1007 1148 1152 1196 modo
1173 1148 1432 1196 nominavi
1456 1147 1645 1196 codices
1662 1146 1870 1208 Athous,

177 1223 472 1284 Vaticanus,
505 1222 893 1283 Laurentianus,
927 1222 1306 1271 Ottobonianus.
1371 1220 1442 1269 Cf.
1475 1224 1510 1269 t.
1543 1222 1569 1269 I
1599 1238 1646 1284 p.
1674 1223 1777 1270 426
1799 1237 1869 1283 sq.

293 1298 374 1346 15.
408 1298 740 1345 Vaticanus
787 1297 1047 1345 Urbinas
1094 1313 1173 1360 gr.
1216 1297 1317 1344 126
1354 1288 1433 1361 (=
1459 1288 1528 1362 U)
1564 1311 1692 1343 anno
1729 1297 1868 1343 1316

178 1374 407 1419 exaratus
439 1371 524 1419 fol.
554 1373 696 1419 123&
746 1371 871 1419 Vide
903 1373 938 1419 t.
962 1371 989 1419 I
1014 1388 1061 1432 p.
1090 1372 1192 1418 216
1214 1386 1285 1432 sq.
1345 1369 1558 1419 Contuli.

293 1446 374 1493 16.
414 1445 740 1493 Vaticanus
772 1462 850 1509 gr.
878 1446 943 1493 81
973 1438 1053 1511 (=
1079 1439 1181 1512 Va)
1206 1460 1330 1492 saec.
1355 1444 1447 1491 XV
1471 1444 1556 1493 fol.
1585 1444 1703 1492 268.
1744 1443 1871 1490 Vide

176 1522 213 1568 t.
237 1519 263 1567 I
292 1536 340 1582 p.
368 1521 472 1567 209
493 1535 562 1582 sq.
604 1522 653 1567 et
694 1521 814 1567 236.
879 1518 1080 1567 Contuli
1124 1519 1538 1580 collationemque
1579 1517 1682 1566 eius
1723 1520 1871 1579 atque

178 1593 436 1642 Urbinatis
460 1593 654 1657 Roggio
678 1595 807 1656 misi,
839 1593 923 1642 sed
948 1610 1060 1642 eum
1083 1610 1261 1655 parum
1286 1594 1516 1640 accurate
1540 1592 1600 1640 de
1625 1592 1686 1639 iis
1717 1595 1871 1640 rettu-

178 1669 294 1716 lisse
327 1667 536 1731 cognovi
549 1663 604 1734 l).

294 1744 374 1789 17.
400 1742 847 1803 Neapolitanus
871 1741 978 1789 ΠΕ
1003 1743 1067 1789 17
1088 1757 1212 1790 saec.
1230 1741 1348 1788 XIV
1373 1741 1458 1788 fol.
1480 1742 1611 1788 195v
1627 1756 1685 1788 ex
1703 1740 1873 1788 eodem

179 1815 554 1878 qroaticanus
567 1817 596 1863 8
606 1818 631 1863 1
646 1815 914 1878 exemplari
926 1815 1343 1877 descriptus.Vide
1352 1817 1388 1863 t.
1398 1814 1478 1876 Ip.
1491 1816 1520 1862 2
1530 1817 1555 1862 1
1567 1817 1592 1862 1
1607 1829 1677 1876 sq.
1691 1816 1740 1863 et
1752 1816 1780 1861 2
1790 1818 1817 1862 3
1826 1814 1871 1861 6.

294 1891 376 1937 18.
409 1889 777 1938 Barberinus
802 1890 853 1937 II
876 1891 943 1937 41
974 1882 1068 1956 (=
1086 1883 1153 1956 B)
1178 1905 1304 1938 saec.
1321 1888 1414 1936 XV
1438 1888 1522 1936 fol.
1543 1889 1664 1936 439.
1697 1889 1870 1936 Decla-

178 1965 334 2012 matio
357 1965 598 2026 inscripta
622 1966 697 2012 est
721 1960 812 2029 μγ’.
860 1963 987 2012 Vide
1018 1966 1054 2011 t.
1078 1963 1105 2011 I
1135 1981 1180 2026 p.
1200 1965 1278 2011 24
1296 1978 1368 2025 sq.
1402 1965 1451 2011 et
1478 1964 1597 2010 236.
1657 1961 1871 2010 Contuli.

294 2039 375 2085 19.
416 2038 865 2086 Escurialensis
883 2034 1198 2086 Τ-Π-15
1220 2031 1348 2104 (151
1369 2037 1422 2084 in
1447 2037 1675 2099 catalogo
1691 2036 1849 2083 Mille·
1878 2039 1961 2078 167

178 2105 343 2176 riano)
378 2112 666 2160 chartaceus
697 2112 883 2160 formae
916 2112 1024 2160 folii
1056 2111 1247 2160 duabus
1280 2111 1507 2159 manibus
1540 2110 1723 2160 saeculi
1756 2109 1873 2156 XVI

170 2187 402 2234 >exeuntis
443 2189 688 2246 exaratus,
721 2186 840 2234 olim
879 2186 1185 2234 Francisci
1220 2185 1499 2246 Patritii,
1532 2186 1620 2246 qui
1651 2201 1676 2231 e
1711 2182 1872 2246 Cypro

179 2259 379 2307 advexit
417 2259 626 2308 testibus
665 2259 1071 2322 inscriptionibus
1112 2259 1222 2308 folii
1258 2261 1310 2306 1:
1355 2259 1562 2307 Libani&
1599 2259 1874 2307 orationum

177 2333 400 2381 volumen
423 2335 699 2382 secundum.
714 2327 755 2400 ²)
783 2327 797 2399 Ι
818 2335 877 2383 de
900 2335 971 2382 los
995 2335 1054 2382 dc
1076 2334 1318 2393 francisco
1341 2333 1552 2381 Patricio
1574 2325 1597 2399 Ι.
1637 2333 1690 2380 Ε
1714 2331 1872 2393 Cypro

180 2410 443 2454 extractum
466 2408 661 2456 advexit
681 2410 980 2456 Franciscus
1002 2409 1241 2456 Patritius
1251 2400 1310 2473 3),
1333 2408 1555 2455 continet

301 2579 341 2634 1)
376 2577 442 2622 Cf.
477 2577 711 2621 Deutsche
742 2576 1193 2633 Litteraturzeitung
1226 2580 1340 2620 1892
1374 2592 1418 2620 n.
1447 2581 1501 2620 15
1527 2575 1613 2620 col.
1639 2579 1725 2619 495
1745 2589 1810 2630 sq.

299 2639 342 2694 2)
376 2636 583 2680 Primum
607 2638 678 2680 est
703 2636 848 2680 codex
869 2635 1125 2681 Τ-Π-11
1152 2638 1275 2692 (147)
1300 2636 1465 2680 eadem
1488 2648 1631 2679 manu
1655 2636 1872 2678 exaratus

180 2696 229 2739 et
266 2695 520 2752 inscriptus
554 2696 750 2740 Libanii
788 2696 1049 2740 orationum
1085 2697 1292 2740 volumen
1327 2696 1543 2750 primum.
1600 2693 1665 2738 Cf.
1703 2693 1872 2747 Graux,

180 2753 248 2798 les
296 2754 498 2812 origines
546 2755 610 2797 du
656 2753 792 2798 fonds
834 2767 944 2811 grec
984 2754 1041 2798 de
1078 2752 1325 2797 l'Esourial
1370 2768 1415 2810 p.
1452 2758 1549 2797 127.
1612 2752 1664 2796 Ε.
1696 2752 1872 2806 IacobS,

181 2811 431 2858 Zentralbl.
465 2813 497 2857 f.
529 2812 649 2858 Bibl.
675 2812 804 2856 XXV
838 2818 907 2857 37.

301 2875 344 2929 3)
376 2873 430 2916 In
453 2871 608 2916 indice
636 2885 802 2928 graeco
827 2871 1014 2915 Nicolai
1038 2871 1256 2915 Turi-iani
1279 2870 1406 2928 (Cod.
1432 2848 1590 2914 Escur.
1616 2869 1872 2924 Χ-1-16)

181 2944 424 2975 numerum
463 2931 607 2975 habet
641 2935 724 2974 165
759 2930 980 2986 (Μελέται
1011 2930 1062 2975 ἐν
1095 2930 1284 2989 φύλλῳ.)
1316 2929 1382 2974 Cf.
1408 2929 1616 2973 Millerl.
1643 2928 1673 2972 l.
1698 2943 1743 2985 p.
1771 2932 1855 2971 343
