2054 3192
561 168 744 213 LIBAN
745 169 788 213 11
818 167 1123 212 APOLOGIA
1156 167 1440 213 SOCRATIS
1782 168 1850 220 73

155 307 587 376 παραδείγματα;
621 302 754 373 ἀλλ’,
787 301 955 372 οἶμαι,
988 306 1210 367 δεικνὺς
1240 302 1391 357 ἔστιν
1424 299 1491 357 οὗ
1515 305 1616 373 τὴν
1641 305 1852 372 κλοπὴν

156 404 267 448 τῶν
320 396 602 463 χρησίμων
657 392 922 462 ἐμέμνητο
970 402 1081 446 τῶν
1119 394 1244 463 περὶ
1283 394 1384 461 τὴν
1433 395 1635 463 Τροίαν
1675 393 1851 461 λέγων

158 480 326 537 οὐδὲν
365 485 574 551 καινόν,
630 479 738 535 ἀλλ’
786 482 819 535 ἃ
857 491 1062 535 ποιεῖτε
1100 486 1469 549 πολεμοῦντες
1506 482 1661 549 ὑμεῖς
1690 483 1851 550 <καὶ>

106 571 111 578 ’
159 573 586 638 Λακεδαιμόνιοι
623 572 712 624 καὶ
748 572 754 639 Ι
788 572 988 633 πάντες
1020 570 1204 633 ἁπλῶς
1243 573 1301 623 οἳ
1337 570 1470 623 ὅταν
1511 590 1670 623 κατα-
1746 575 1867 620 RIII
1883 580 1942 619 37

158 661 437 714 σκάπτωσι
477 669 588 713 τῶν
626 663 902 728 πολεμίων
941 662 1148 728 πόλεις,
1190 660 1323 713 οὐδὲ
1362 669 1472 712 τῶν
1514 661 1678 729 ἱερῶν
1725 660 1850 713 ἀπέ-
1899 680 1920 712 5

156 770 346 819 χονται
387 749 675 818 χρημάτων
713 760 824 802 πᾶν
864 748 1057 819 κέρδος
1103 749 1164 802 τὸ
1205 750 1352 819 παρὰ
1401 758 1511 802 τῶν
1559 751 1851 816 δυσμενῶν

158 839 317 893 ὅσιον
378 842 675 908 κρίνοντες.
762 839 881 892 107.
938 838 966 891 ὁ
1023 835 1082 891 δὲ
1142 837 1387 906 Θυέστης
1449 838 1536 891 καὶ
1600 839 1660 891 τὸ
1722 841 1881 900 τοὺς·

146 926 415 997 ’Έλληνας
478 928 586 980 ὑπὸ
649 937 760 981 τῶν
822 926 1102 997 ὑμετέρων
1165 926 1538 996 ἐξηπατῆσθαι
1599 926 1852 997 πατέρων

157 1015 483 1086 ἐμβέβληται
538 1018 685 1087 παρὰ
740 1024 834 1085 τῆς
882 1015 1116 1069 Ἀνύτου
1179 1019 1447 1086 πονηρίας
1509 1017 1718 1079 εἰδότος
1780 1017 1852 1078 ὡς

158 1105 263 1159 ἀπὸ
310 1103 411 1175 μὲν
457 1115 568 1159 τῶν
616 1107 694 1168 εἰς
743 1108 873 1168 τοὺς
921 1109 1108 1174 Τρῶας
1161 1106 1250 1158 καὶ
1305 1106 1404 1158 τὸν
1450 1106 1689 1174 ἄρχοντα
1740 1115 1851 1158 τῶν
1877 1127 1922 1158 10

157 1199 418 1248 Βοιωτῶν
481 1195 582 1248 οὐκ
644 1194 713 1248 ἂν
776 1194 929 1258 δόξαι
991 1196 1194 1257 κακοὺς
1255 1194 1658 1265 ἀπεργάζεσθαι
1723 1196 1852 1256 τοὺς

158 1283 460 1346 ἀκούοντας
490 1283 519 1338 ὁ
553 1284 870 1354 Σωκράτης,
911 1284 1015 1336 ἀπὸ
1050 1280 1111 1336 δὲ
1144 1284 1356 1336 τούτων
1376 1283 1425 1342 ,ἃ
1456 1283 1852 1353 προστέθεικεν

158 1373 334 1435 αὐτός.
395 1372 533 1425 ἀλλὰ
572 1374 660 1426 καὶ
694 1373 993 1442 Σωκράτης
1023 1372 1210 1440 μέντοι
1258 1376 1452 1441 καλῶς,
1479 1370 1694 1440 ’Ἀνυτε,
1729 1372 1850 1440 ἠπί-

159 1474 324 1515 στατο
362 1462 691 1532 μαχομένοις
723 1462 864 1530 (hev)
888 1463 1025 1532 πρὸς
1056 1463 1264 1530 ἄλληλα
1303 1462 1642 1532 χρησάμενος
1679 1480 1851 1530 παρα-

159 1553 472 1619 δείγμασιν,
542 1552 590 1604 εἰ
659 1553 756 1604 τόν
824 1571 881 1604 τε
941 1549 1207 1604 Ὀδυσσέα
1276 1552 1366 1604 καὶ
1437 1552 1534 1604 τὸν
1601 1549 1850 1618 Θυέστην
1874 1570 1920 1603 15

158 1641 247 1693 καὶ
310 1639 620 1693 Μέλανθον
688 1641 777 1693 καὶ
855 1642 984 1703 τοὺς
1059 1642 1371 1710 προγόνους
1449 1637 1710 1706 ἀναμίξας
1780 1639 1852 1700 ὡς

279 1850 303 1889 7
344 1845 401 1890 ef.
434 1861 479 1902 p.
507 1850 576 1899 74,
595 1850 636 1890 8.
677 1845 798 1903 Hyg.
824 1845 916 1889 fab.
945 1850 1043 1890 258.
1084 1845 1218 1903 Diog.
1245 1844 1293 1888 L.
1319 1844 1383 1888 VI
1416 1849 1456 1898 2,
1477 1848 1530 1886 73
1675 1848 1701 1887 8
1742 1843 1850 1887 Her.

159 1904 265 1947 vm
291 1910 344 1949 75
470 1910 525 1948 10
557 1905 797 1948 Xanthum
830 1904 878 1949 cf
905 1920 949 1961 p.
979 1910 1048 1960 72,
1067 1910 1092 1949 8

280 2103 301 2140 1
337 2094 483 2142 οὖσαν
513 2099 621 2153 post
653 2099 836 2149 δεικνὺς
866 2098 1164 2142 inserendum
1196 2098 1380 2142 videtur
1421 2098 1428 2155 Ι
1470 2096 1645 2140 ἔνεστιν
1686 2096 1730 2140 U
1735 2095 1852 2139 VaB

279 2161 303 2199 3
345 2156 425 2200 καὶ
463 2156 639 2201 inserui
672 2159 860 2201 auctore
890 2157 959 2202 Re
992 2171 1097 2201 cum
1128 2158 1231 2214 Rog
1292 2170 1367 2201 om
1405 2156 1516 2200 libri
1546 2155 1649 2199 Mor
1664 2154 1732 2198 Re

158 2221 187 2258 4
224 2217 616 2272 Λακεδαιμονίοις
646 2217 691 2259 Β
719 2219 726 2273 Ι
754 2218 834 2260 καὶ
863 2217 1038 2261 inserui
1077 2230 1102 2260 e
1135 2218 1180 2261 B
1212 2219 1401 2261 auctore
1431 2214 1642 2260 Iacobsio
1674 2213 1771 2257 Not
1795 2217 1853 2256 34

160 2288 266 2318 cum
297 2274 401 2332 Rog
461 2288 537 2319 om
563 2277 798 2321 MaAthU
806 2276 875 2321 Va
906 2276 1008 2320 Mor
1022 2276 1092 2320 Re
1214 2280 1239 2319 5
1273 2274 1426 2335 <τὰς>
1451 2272 1607 2324 πόλεις
1630 2273 1733 2330 Rog

162 2338 185 2376 7
219 2332 454 2388 κρίνοντες
484 2335 671 2391 reposui
703 2348 728 2380 e
759 2335 893 2379 libris
925 2338 1113 2380 auctore
1146 2335 1327 2380 Sinteni
1364 2349 1469 2378 cum
1500 2333 1603 2391 R-og
1663 2329 1852 2387 κρίναν-

159 2409 233 2444 τες
262 2393 365 2436 Mor
379 2393 446 2436 Re
584 2399 610 2437 8
642 2394 966 2451 ἐξηπατῆσθαι
1006 2394 1172 2451 scripsi
1249 2395 1574 2448 ἐξαπατᾶσθαι
1618 2391 1728 2435 libri
1760 2390 1852 2435 edd

281 2457 335 2496 10
351 2460 444 2497 τῶν
456 2455 519 2510 (2)
536 2453 710 2497 inserui
728 2467 752 2497 e
769 2454 902 2497 libris
957 2469 1033 2498 om
1049 2453 1140 2498 edd.
1249 2459 1300 2497 11
1321 2451 1457 2506 δόξαι
1472 2451 1659 2508 reposui
1676 2464 1701 2494 e
1719 2450 1855 2493 libris

162 2525 267 2554 oum
282 2511 386 2568 Rog
447 2511 560 2571 δόξῃ
577 2513 680 2556 Mor
695 2513 762 2556 Ro
825 2511 972 2566 δόξειε
990 2513 1145 2557 Hirzel
1265 2518 1318 2556 12
1335 2509 1668 2567 προστέθεικτν
1687 2509 1850 2566 scripsi

162 2585 216 2614 ex
249 2571 517 2616 AthUVaB
549 2586 653 2615 cum
685 2572 788 2628 Rog
848 2571 1142 2627 προσέθηκεν
1169 2574 1259 2616 Μα
1318 2569 1638 2627 προστέθηκεν
1666 2569 1767 2613 Mor
1783 2569 1852 2611 Re

282 2634 335 2672 13
361 2631 460 2689 καὶ]
478 2630 564 2687 γὰρ
590 2631 693 2675 coni
725 2631 792 2675 Re
843 2635 847 2685 Ι
898 2629 1054 2687 μέντοι
1091 2631 1277 2688 reposui
1317 2645 1341 2674 e
1380 2630 1513 2673 libris
1553 2643 1659 2673 cum
1690 2629 1792 2684 Rog

162 2687 244 2744 μὲν
278 2689 350 2733 σοὶ
380 2689 483 2733 Mor
499 2691 564 2733 Re
688 2696 742 2734 14
774 2688 834 2734 ἂν
858 2691 1034 2734 inserui
1058 2693 1106 2735 et
1128 2689 1415 2748 χρησάμενος
1445 2688 1630 2745 reposui
1662 2702 1686 2732 e
1718 2686 1852 2730 libris

220 2746 501 2805 χρησόμενος
531 2749 620 2792 edd
745 2755 798 2792 15
831 2750 910 2793 καὶ
940 2749 1201 2795 Μέλανθον
1233 2750 1312 2793 καὶ
1342 2746 1424 2794 τὸν
1461 2747 1668 2804 Θυέστην
1699 2749 1852 2790 brans-

162 2820 246 2861 pos
279 2806 455 2850 Schanz
484 2807 601 2851 Plat.
628 2808 751 2865 apol.
776 2823 939 2853 comm.
964 2825 1008 2866 p.
1036 2814 1092 2852 44
1216 2813 1269 2852 16
1301 2806 1530 2863 ἀναμίξας
1554 2805 1718 2862 scripsi
1743 2818 1853 2848 auc-

162 2867 262 2908 tore
286 2865 354 2909 Re
415 2866 650 2922 ἀναμίξειε
675 2868 754 2911 καὶ
771 2867 975 2912 Sintenis
1036 2866 1304 2924 ἀναμίξειεν
1328 2867 1437 2910 libri
1499 2866 1668 2922 ἀναμὶξ
1687 2863 1851 2908 Iacobs

164 2924 271 2967 Add
304 2929 387 2968 143
427 2925 540 2970 Lect
573 2931 656 2970 199
708 2930 712 2982 Ι
763 2927 824 2978 ὡς
847 2953 903 2959 -
931 2932 1042 2981 74,1
1084 2927 1293 2984 ἐμνήσθη
1337 2940 1420 2982 pro
1465 2924 1639 2969 scholio
1678 2923 1851 2980 margi·

163 2982 260 3025 nali
292 2984 352 3026 ad
382 2986 491 3036 τοὺς
520 2984 783 3042 προγόνους
813 2986 980 3030 habuit
995 2985 1099 3042 Rog
