2054 3192
0 118 26 317 ·-÷-⁸v-Q··*‹--]
9 0 21 73 ⁴-,.„⁴

570 147 753 191 LIBAN
754 147 798 191 11
828 145 1131 191 APOLOGIA
1164 145 1449 192 SOCRATIS
1743 147 1847 199 103

154 285 463 355 ὠργίζετο
519 285 920 353 προσόμοιος
973 279 1074 351 ῆνς
1130 291 1267 352 χρῆν
1314 283 1419 352 γὰρ
1468 283 1638 336 αὐτὸν
1677 282 1848 336 ταύτὰ

152 372 548 440 ἐπιτηδεύοντα
570 381 685 435 τοῖς
717 371 905 435 αὐτοῖς
935 372 1286 425 κεκολάσθαι.
1327 374 1378 424 εί
1400 369 1501 439 μὲν
1526 372 1628 440 γὰρ
1663 370 1847 434 οὐδεὶς

152 462 421 530 σοφιστὴς
458 458 628 515 ἔδωκε
668 462 845 530 δίκην,
878 461 1128 531 ῥᾳθυμία
1159 458 1306 513 τοῦτ’
1354 459 1423 513 ἂν
1459 456 1528 528 ἦν
1559 459 1684 529 περὶ
1718 463 1847 523 τοὺς

151 553 324 613 θεοὺς
362 559 457 620 τῆς
495 552 719 618 πόλεως,
758 548 856 618 ὑφ’
902 546 967 618 ἧς
1006 549 1076 602 ἂν
1114 547 1219 619 ἔφη
1252 569 1336 612 τις
1365 548 1455 602 καὶ
1487 557 1689 602 τοῦτον
1729 550 1845 602 δια-

152 643 373 693 λαθεῖν·
415 642 592 693 ὄντων
632 640 693 693 δὲ
723 640 860 708 πρὸς
901 638 998 701 οὓς
1030 636 1213 708 ἔσχετε
1252 648 1459 708 πικρῶς
1491 638 1518 692 ὁ
1551 640 1623 707 μὴ
1665 639 1845 691 τοιού·
1893 660 1911 693 5

150 748 264 782 των
301 729 459 798 ὑμῶν
497 727 894 798 πεπειραμένος
933 727 1204 781 δέδεικται
1236 728 1567 796 καθαρεύων
1597 736 1692 796 τῆς
1722 724 1838 780 κατ’

149 817 378 871 ἐκείνων
418 815 611 880 αἰτίας.Δ
688 817 809 871 154.
840 814 1206 887 Ἀναξαγόρας
1245 815 1412 885 ἐδέθη
1456 818 1679 878 δικαίως
1723 815 1844 869 ἀσε-

151 910 267 974 βῶν
305 905 429 975 περὶ
470 906 631 975 ἡλίου
670 926 727 959 τε
765 904 856 959 καὶ
897 909 1142 975 σελήνης.
1182 908 1561 975 Πρωταγόραν
1593 903 1844 975 ἐξεκηρύ-

149 994 275 1060 ξατε
314 1001 492 1058 καλῶς
529 993 619 1048 καὶ
659 997 1045 1064 προσηκόντως
1084 998 1350 1064 ζητοῦντα
1388 993 1512 1064 περὶ
1549 1000 1702 1048 θεῶν
1740 993 1837 1047 εἶτ’

148 1083 291 1138 εἰσὶν
341 1083 434 1138 εἴτ’
483 1084 585 1138 οὐκ
639 1086 760 1138 εἰσί.
815 1091 890 1156 τῷ
944 1086 1043 1138 τὸν
1094 1086 1384 1154 Διαγόραν
1446 1083 1840 1137 ἀποκτενοῦντι
1867 1106 1909 1138 ιο

146 1175 359 1243 μισθὸν
382 1172 689 1243 ὑπέσχεσθε
714 1181 1154 1243 σωφρονοῦντες.
1189 1174 1195 1243 Ι
1230 1174 1331 1242 τὴν
1355 1174 1459 1243 γὰρ
1479 1171 1658 1227 Ἐλευ-
1737 1178 1929 1223 RHI55

147 1271 277 1315 σῖνα
315 1263 406 1316 καὶ
448 1264 544 1326 τὰς
583 1262 856 1333 ἀρρήτους
896 1260 1170 1336 ε’κωμῴδει
1216 1263 1445 1325 τελετάς.
1507 1263 1843 1332 Σωκράτους

148 1352 213 1404 δὲ
250 1353 333 1414 τίς
372 1354 549 1406 εἰπεῖν
586 1349 698 1421 ἔχει
729 1354 968 1420 βιβλίον,
1007 1355 1090 1415 τίς
1121 1349 1182 1405 δὲ
1213 1352 1360 1422 ῥῆμα
1390 1350 1515 1422 περὶ
1547 1360 1660 1405 τῶν
1689 1357 1842 1405 θεῶν

148 1440 404 1494 ε’ναντίον
442 1443 656 1509 νόμοις;
697 1440 763 1494 οὐ
805 1441 1112 1508 δυνάμενος
1152 1439 1225 1508 δ’,
1250 1440 1467 1508 ’Ἁνυτε,
1508 1439 1698 1510 δεῖξαι,
1737 1440 1840 1494 κᾶν

145 1531 381 1599 μυρίους
420 1529 580 1600 λέγῃς
621 1532 887 1600 σοφιστὰς
926 1529 1296 1599 ἀπολωλότας,
1342 1530 1494 1583 οὔπω
1535 1531 1841 1599 Σωκράτην
1866 1553 1906 1585 15

144 1617 398 1688 ἐλέγχεις.
438 1620 504 1673 οὐ
544 1620 649 1688 γὰρ
689 1619 722 1688 ἡ
762 1629 875 1673 τῶν
910 1620 1252 1688 ἠδικηκότων
1290 1621 1523 1690 τιμωρία
1560 1632 1672 1675 τῶν
1710 1620 1840 1674 ἀνα-

145 1710 436 1776 μαρτήτων
474 1710 713 1778 πονηρία
751 1707 951 1777 γένοιτ’
998 1709 1082 1761 ἄν.

266 1873 289 1912 7
315 1869 450 1927 Diog.
476 1870 523 1913 L.
549 1869 591 1912 ΙΙ
616 1874 657 1924 3,
675 1875 700 1913 9
734 1874 758 1923 ξ
787 1874 841 1914 12
859 1884 927 1926 sq.
1051 1874 1076 1913 8
1108 1869 1243 1928 Diog.
1269 1870 1318 1914 L.
1343 1869 1406 1912 IX
1439 1873 1479 1925 8,
1499 1873 1524 1912 3
1551 1874 1575 1924 ξ
1602 1873 1655 1912 51
1675 1883 1742 1924 sq.

267 1933 321 1972 10
353 1928 488 1973 Diod.
522 1928 566 1973 S.
590 1929 697 1972 XIII
721 1934 745 1972 6

267 2083 289 2121 1
329 2093 476 2122 ταυτα
516 2077 560 2122 U
613 2084 761 2121 ταῦτα
801 2078 1022 2123 AthIaB
1159 2083 1184 2121 2
1230 2077 1573 2150 ἐπιτηδεύματα
1614 2078 1701 2121 Μα

144 2141 171 2179 5
197 2137 329 2195 πρὸς]
351 2139 530 2180 πολλῶν
550 2139 638 2181 Ma
665 2139 671 2194 Ι
701 2137 800 2195 ἔσχε
822 2138 859 2182 G
976 2142 1000 2181 6
1026 2138 1154 2194 ὑμῶν
1177 2153 1226 2182 τε
1259 2137 1302 2180 V
1298 2139 1374 2182 aB
1404 2139 1409 2194 Ι
1437 2134 1542 2180 κατ’
1570 2150 1646 2179 om
1670 2137 1714 2180 B

145 2201 169 2238 ‘1
201 2196 379 2240 τούτων
411 2197 456 2240 Β
499 2200 505 2251 Ι
546 2194 714 2247 κακίας
747 2198 841 2241 Ath
883 2198 888 2253 Ι
932 2197 1105 2253 ἐδεήθη
1148 2197 1334 2241 MaAth
1375 2198 1380 2253 Ι
1424 2194 1616 2246 δικαίως
1655 2196 1835 2253 ἀσεβῶν

142 2255 248 2310 περὶ
275 2255 438 2311 scripsi
463 2254 730 2300 auctoribus
760 2255 971 2300 Iacobsio
996 2257 1102 2300 Add
1124 2260 1208 2300 154
1232 2256 1345 2300 Lecb
1370 2260 1454 2299 202
1480 2257 1586 2311 App
1611 2255 1721 2298 Pors
1748 2258 1832 2298 323

142 2314 239 2357 Νοὺ
270 2319 326 2358 46
368 2317 415 2359 et
454 2313 634 2358 Sinteni
674 2329 779 2359 cum
810 2315 914 2372 Rog
985 2317 1181 2361 δικαιώσ
1219 2329 1278 2359 ασ
1308 2314 1459 2370 ὥσπερ
1495 2315 1575 2359 CA
1644 2315 1833 2358 δικαιώ-

143 2387 228 2425 σας
251 2373 402 2429 ὥσπερ
419 2374 514 2417 Ath
574 2372 767 2425 δικαίως
790 2374 940 2443 ᾥσπερ
963 2377 1049 2420 Ma
1060 2377 1101 2421 U
1109 2377 1224 2420 VaB
1285 2372 1481 2426 δικαίως
1503 2373 1560 2425 ἃς
1575 2374 1656 2401 ***
1681 2372 1831 2429 ὥσπερ

143 2432 246 2476 Mor
321 2431 514 2483 δικαίως
545 2450 601 2486 ας
631 2434 699 2477 Re
731 2434 812 2489 qui
844 2433 1057 2489 δικαίως,
1097 2436 1238 2492 ἀσεβῆ
1278 2433 1479 2487 δοξάσας
1509 2434 1613 2488 περὶ
1654 2433 1758 2477 coni

142 2490 338 2543 δικαίως
369 2491 597 2550 ἀσεβήσας
627 2494 731 2548 περὶ
771 2493 933 2538 Iaoobs
965 2494 1094 2538 Anth
1124 2494 1211 2538 Pal
1241 2493 1305 2537 III
1337 2497 1422 2537 239
1545 2498 1570 2536 9
1604 2494 1710 2547 περὶ
1741 2499 1831 2536 τῶν

140 2553 271 2595 θεῶν
285 2551 389 2595 Mor
511 2556 564 2596 10
595 2553 927 2597 ἀπεκτενοῦντι
950 2553 1116 2610 scripsi
1140 2567 1164 2598 e
1183 2554 1271 2598 Ma
1284 2553 1328 2598 U
1332 2553 1448 2597 VaB
1508 2549 1832 2597 ἀποκτείνοντι

142 2611 286 2654 AAth
346 2608 675 2655 ἀποκτείναντι
710 2611 747 2656 O
774 2612 867 2656 edd
989 2618 1041 2656 13
1076 2611 1145 2664 τίς
1178 2614 1266 2657 Μα
1297 2612 1380 2656 sed
1411 2628 1434 2662 ς
1466 2610 1543 2656 del
1585 2615 1590 2666 Ι
1633 2608 1693 2654 ἂν
1725 2614 1831 2666 post

140 2667 212 2719 τίς
240 2669 540 2714 inserendum
571 2670 675 2714 coni
705 2670 867 2715 Iacobs
899 2671 1010 2716 Lect,
1042 2677 1126 2715 202
1160 2672 1255 2717 Not
1287 2676 1342 2714 46
1374 2671 1503 2714 Ant-‚h
1534 2670 1620 2714 Pal
1642 2670 1706 2713 ΙΠ
1731 2675 1830 2725 109,

141 2730 250 2784 post
274 2728 459 2773 εἰπεῖν
446 2743 572 2773 mser
594 2729 798 2773 Sintenis
819 2731 924 2787 Rog
950 2733 956 2787 Ι
986 2731 1083 2788 ἔχοι
1105 2731 1186 2776 ΟΛ
1203 2730 1270 2775 Re
1288 2730 1491 2775 Sintenis
1509 2730 1612 2786 Rog
1639 2732 1645 2786 Ι
1672 2727 1716 2773 τί
1742 2732 1830 2774 Ma

265 2792 319 2830 14
352 2786 382 2830 ἃ
415 2790 522 2832 ante
554 2789 610 2833 οὐ
642 2789 940 2833 inserendum
980 2790 1086 2834 coni
1115 2790 1278 2834 Iacobs
1310 2790 1422 2834 Lech
1455 2793 1539 2833 202
1573 2788 1667 2832 Not
1699 2793 1770 2843 46,
1804 2787 1827 2833 ὃ

141 2845 270 2890 Anth
300 2845 386 2890 Pal
415 2846 480 2891 ΠΙ
511 2851 595 2891 109
645 2849 651 2903 Ι
702 2845 747 2892 δ’
782 2849 908 2893 inser
937 2850 1020 2904 Re,
1053 2863 1129 2893 om
1168 2849 1277 2893 libri
1301 2849 1404 2893 Mor
1442 2848 1692 2922 del'endum
1724 2848 1829 2892 coni

142 2903 305 2949 Iacobs
336 2904 384 2949 ll.
410 2906 458 2949 ll.
605 2911 659 2950 16
697 2907 726 2964 ἡ
759 2920 834 2951 om
866 2908 968 2952 Mor
1010 2886 1022 2964 Ι
1070 2916 1162 2952 τῶν
1188 2935 1241 2940 -
1271 2913 1322 2952 17
1356 2906 1560 2964 πονηρία
1591 2921 1666 2952 om
1697 2909 1823 2952 Μα
1820 2939 1824 2966 ³

142 2962 484 3022 ἁμαρτημάτων
515 2965 619 3010 Mor
741 2971 792 3010 17
827 2966 1006 3024 γένοιτο
1042 2968 1277 3012 MaAthU
