2026 3192
247 138 356 190 324
729 137 956 180 LIBANII
987 137 1377 182 DECLAMATIO
1411 138 1453 182 V

247 275 401 342 ἄγειν
439 272 525 325 ἐπὶ
557 275 685 335 τοὺς
726 272 1027 335 ἐναντίους.
1065 283 1181 335 πῶς
1221 269 1326 325 οὖν
1365 272 1535 325 ἀδικῶ
1577 278 1939 342 χαλεπαίνων,

247 365 296 415 ec
332 370 406 434 τῷ
440 364 793 431 χαλεπαίνειν
832 362 1082 430 ὁμολογῶ
1123 368 1196 433 τῷ
1233 363 1354 426 Διί;
1394 371 1507 424 πῶς
1546 362 1608 414 δὲ
1647 363 1713 415 οὐ
1747 365 1940 429 σεμνύ-

246 470 330 503 νει
377 471 468 518 μοι
524 452 625 518 τὴν
673 451 848 518 ὀργὴν
898 450 926 503 ὁ
973 460 1262 503 κοινωνῶν
1316 471 1410 519 μοι
1464 457 1559 518 τῆς
1605 449 1732 503 καθ’
1782 451 1939 518 ὑμῶν

247 540 431 608 ὀργῆς,
469 543 679 606 μᾶλλον
720 538 798 606 δέ,
838 540 926 591 καὶ
967 541 1225 607 μειζόνως
1258 539 1599 607 ἀγανακτῶν,
1640 544 1790 608 εἴπερ
1833 539 1937 608 ἐγὼ

201 626 347 696 εμὲν
394 628 459 680 οὐ
507 630 699 695 βοηθῶ
747 637 863 690 τοῖς
896 626 1186 694 ”Ἐλλησιν,
1233 627 1261 680 ὁ
1303 628 1364 680 δὲ
1411 627 1501 680 καὶ
1555 632 1780 697 πολεμεῖ
1824 639 1940 692 τοῖς

233 715 517 785 ’Έλλησινς
573 718 619 768 εἰ
667 718 861 768 τοίνυν
900 716 959 768 τὸ
1007 724 1123 778 τοῖς
1168 721 1324 778 θεοῖς
1371 715 1707 769 ἀκολουθεῖν
1755 718 1938 770 δίκαια

246 807 558 858 ποιούντων
601 804 767 872 ἐστίν,
809 806 864 856 αἱ
903 801 1004 871 μὲν
1045 803 1337 872 διαλλαγαὶ
1377 806 1480 873 τὴν
1510 804 1735 874 μέμψιν,
1774 806 1835 858 τὸ
1877 803 1938 858 δὲ

248 895 548 961 φυλάττειν
589 895 689 961 τὴν
729 893 902 962 ὀργὴν
941 890 1172 946 ἔπαινον
1213 896 1336 961 ἔχει.

361 982 447 1034 35.
506 983 668 1034 Πάνυ
732 984 927 1034 τοίνυν
981 982 1258 1050 ἠχθόμην,
1314 982 1403 1034 ὅτε
1456 1002 1520 1049 με
1581 991 1681 1035 τοῦ
1735 985 1940 1053 πατρὸς

181 1093 223 1125 10
249 1072 588 1141 ἀμνημονεῖν
619 1068 863 1139 ἔφησθα·
904 1073 1002 1123 τὸν
1034 1072 1135 1139 μὲν
1167 1072 1270 1139 γὰρ
1305 1072 1549 1123 κελεύειν
1580 1077 1770 1140 θυμοῦ
1810 1093 1940 1140 κρα-

246 1169 386 1228 τεῖν,
443 1160 533 1227 ἐμὲ
585 1161 646 1212 δὲ
699 1160 840 1227 ἥττω
896 1159 1216 1228 πεφηνέναι.
1272 1161 1338 1212 οὐ
1394 1162 1497 1229 γὰρ
1555 1162 1621 1229 δὴ
1675 1171 1790 1223 τοῖς
1839 1159 1941 1228 μὲν

249 1251 434 1311 ἄλλοις
474 1245 542 1314 ἦν
583 1251 701 1301 τότε
742 1246 877 1316 ὦτα,
926 1247 1043 1315 ἐμοὶ
1092 1249 1152 1301 δὲ
1199 1249 1301 1302 οὐκ
1347 1246 1440 1317 ἦν,
1473 1247 1764 1316 Ὀδυσσεῦ,
1816 1249 1931 1303 ἀλλ’

248 1344 408 1407 ι”σμεν
441 1338 473 1390 ἂ
506 1338 628 1404 περὶ
668 1343 857 1406 θυμοῦ
892 1337 1150 1405 λέγοντος
1182 1337 1503 1405 ἀκηκόαμεν.
1544 1341 1611 1391 σὺ
1650 1336 1711 1391 δὲ
1743 1341 1937 1409 σοφίζῃ

246 1427 335 1480 καὶ
377 1425 722 1495 διαστρέφεις
761 1426 861 1477 τὸν
901 1428 1082 1493 λόγον.
1126 1424 1276 1494 ἔλεγε
1315 1427 1510 1478 τοίνυν
1548 1428 1669 1478 τότε
1708 1425 1937 1490 ἐκεῖνος·

181 1513 290 1570 ιὸὦ
331 1524 467 1583 παῖ,
516 1516 594 1583 μὴ
643 1513 986 1582 καταμέλεί
1034 1522 1148 1566 τοῦ
1195 1513 1686 1582 τοὺςἽῑλληνας
1726 1517 1806 1578 ὡς
1846 1518 1939 1568 οἰ-

247 1607 547 1657 κειότατα
587 1605 745 1671 πρὸς
786 1603 986 1656 αὑτὸν
1034 1605 1437 1671 διατεθῆναι.
1492 1605 1725 1657 τούτου
1766 1603 1814 1656 δ’
1863 1604 1939 1657 ἂν

250 1693 737 1762 ἑπιτυγχάνοις,
794 1693 848 1744 εἰ
896 1693 1173 1760 μηδενὸς
1229 1693 1455 1762 ἄρχοις
1510 1692 1741 1746 ἀδίκου
1796 1690 1945 1762 μήτ”

248 1779 443 1850 ἔργον
484 1784 637 1850 μήτε
679 1782 961 1850 ῥήματος
991 1787 1177 1852 θυμῷ
1219 1781 1568 1834 δουλεύων.
1638 1781 1724 1834 36.
1758 1781 1938 1834 ἐκεῖνα

250 1871 309 1923 δὲ
371 1871 470 1923 οὐκ
533 1870 737 1938 ἀκήκοα
794 1867 926 1922 οὐδὲ
981 1870 1009 1922 ὁ
1063 1871 1283 1938 Πηλεὺς
1337 1868 1639 1922 ἐπέτελλεν·
1704 1867 1746 1923 ὦ
1800 1881 1938 1936 παῖ,

182 1981 226 2014 20
250 1961 444 2027 μικρὰ
486 1961 744 2027 φρόνει,
792 1959 1099 2020 ταπεινὸς
1145 1961 1361 2026 γίνου,
1410 1961 1503 2020 εἰς
1549 1966 1668 2027 γῆν
1715 1960 1938 2024 κύπτε,

249 2049 326 2117 μὴ
369 2046 560 2116 δόξης
600 2046 860 2116 ὀρέγου,
908 2048 1063 2113 μετὰ
1101 2056 1228 2099 τῶν
1274 2046 1710 2115 ἀνδραπόδων
1749 2047 1938 2116 ἀριθ-

249 2144 396 2203 μοῦ,
421 2137 781 2202 προσκύνει
811 2138 961 2197 τοὺς
983 2136 1399 2204 ὑβρίζοντας,
1428 2135 1546 2187 κᾶν
1575 2136 1676 2188 ἐπὶ
1704 2137 1938 2205 κόρρης

370 2316 394 2354 9
428 2311 478 2354 Il.
514 2328 530 2354 ι
563 2315 646 2353 259
773 2316 826 2353 15
860 2325 925 2364 sq.
951 2310 1002 2353 Π.
1037 2327 1053 2353 ι
1086 2315 1171 2352 254
1190 2325 1255 2365 sq.

372 2479 393 2516 1
437 2472 489 2516 ἰᾶ
529 2475 636 2529 pos⁷c
677 2470 916 2522 ἐναντίους
946 2473 1034 2517 Ma
1075 2473 1156 2516 sed
1197 2472 1275 2515 del
1305 2472 1374 2514 111²
1511 2478 1535 2515 2
1575 2472 1626 2516 τὸ
1660 2472 1939 2516 LaViLaur

251 2531 351 2575 Mor
387 2535 392 2586 Ι
429 2531 642 2589 ὁμολογεῖ
662 2532 763 2575 Mor
798 2534 803 2587 Ι
840 2528 884 2575 δ’
915 2533 1152 2576 LaurGan
1227 2528 1312 2575 οὖν
1347 2533 1403 2574 Va·
1524 2536 1548 2573 3
1581 2547 1657 2587 μοι
1672 2533 1733 2588 (1)
1765 2531 1938 2574 inserui

253 2605 307 2634 ex
338 2591 810 2635 HLaVc'MaBLawr
882 2603 956 2633 om
991 2591 1090 2635 Can
1121 2591 1212 2634 edd
1261 2593 1268 2646 Ι
1318 2591 1373 2633 οὐ
1409 2590 1507 2634 Can
1650 2594 1675 2632 8
1708 2591 1815 2646 post
1847 2590 1938 2647 ἔχει

250 2650 326 2693 lac
358 2655 383 2692 4
416 2650 494 2693 litt
527 2651 660 2694 Laur
781 2654 805 2692 9
839 2647 1019 2707 τοίνυν]
1052 2648 1135 2705 μὲν
1168 2646 1252 2693 οὖν
1276 2649 1410 2693 Lam·
1532 2653 1586 2692 10
1618 2648 1706 2705 γὰρ
1739 2662 1813 2692 om
1838 2648 1940 2692 Mor

374 2715 425 2752 11
457 2710 531 2766 οὐ]
559 2710 599 2752 εἰ
624 2709 721 2752 Can
844 2713 897 2751 15
922 2707 1195 2764 καταμέλειν
1216 2707 1381 2751 Iacobs
1405 2708 1512 2751 Add
1537 2712 1620 2750 285
1745 2712 1798 2750 16
1823 2707 1939 2762 πρὸς

253 2782 328 2810 om
363 2769 462 2812 Can
511 2770 515 2823 Ι
567 2768 711 2811 αὐτὸν
744 2767 1089 2812 HLaViBGan
1119 2768 1186 2810 Re
1220 2767 1344 2822 quod
1377 2767 1574 2810 correxit
1603 2765 1766 2810 lacobs
1799 2765 1884 2809 1.1.
1929 2768 1932 2821 Ι

254 2826 523 2870 διατιθέναι
556 2828 682 2870 HLa
695 2827 1025 2870 ViMaBLaur
1057 2828 1104 2869 et
1136 2843 1189 2882 γρ
1222 2826 1271 2868 in
1302 2839 1435 2882 marg
1467 2825 1569 2869 Mor
1700 2831 1752 2868 17
1781 2825 1938 2882 ἄρχοις

255 2885 418 2940 scripsi
451 2900 504 2929 ex
530 2886 760 2930 HLaCa‘n
821 2884 978 2942 ἄρχεις
1007 2884 1176 2940 reliqui
1206 2884 1316 2927 libri
1348 2884 1440 2927 edd
1577 2888 1629 2926 19
1663 2883 1687 2926 ὁ
1720 2898 1795 2927 om
1818 2883 1874 2926 H
1882 2884 1939 2927 Vi

373 2950 428 2987 20
460 2942 621 3000 γίγνου
647 2945 704 2987 Η
818 2948 872 2985 22
898 2941 987 2987 κᾶν
1014 2970 1067 2975 —-
1094 2948 1193 2998 325,
1213 2950 1234 2986 1
1262 2942 1508 2999 χαλέπαινε
1533 2942 1649 2986 citat
1671 2942 1936 2998 praemissis
