2054 3192
953 394 1020 447 II.

257 520 568 568 Declamatio
592 520 834 580 inscripta
859 517 1173 566 Κωλύουσι
1197 517 1524 583 Σωκράτην
1556 517 1615 567 ἐν
1644 523 1718 587 τῷ
1751 520 1840 568 δε·

146 593 458 662 σμωτηρίῳ
499 591 884 658 διαλέγεσθαι
922 590 1019 640 καὶ
1059 590 1352 658 ἀντιλέγει
1399 611 1484 651 τις
1525 609 1623 654 qua
1653 610 1780 642 unus
1813 609 1842 641 e

145 668 402 730 discipulis
437 667 655 715 Socratis
694 668 879 714 frustra
919 666 1178 715 oblocutus
1217 683 1279 714 ne
1310 666 1638 715 Athenienses
1669 667 1843 731 Anyto

145 745 196 790 et
226 742 407 790 Meleto
441 741 728 789 auctoribus
766 741 909 788 illum
942 741 1234 788 damnatum
1270 742 1642 809 conversatione
1680 742 1838 790 homi-

143 833 263 864 num
303 811 581 881 arceantl),
621 816 750 878 petit
788 818 848 862 ut
890 814 986 862 sibi
1028 815 1205 862 saltem
1248 815 1408 876 pridie
1453 817 1559 863 eius
1602 816 1699 864 diei
1741 832 1840 879 quo

144 891 361 939 cicutam
392 890 533 938 bibat
565 906 678 937 cum
713 889 803 937 illo
844 889 1060 951 colloqui
1099 889 1270 952 liceat,
1310 905 1410 937 non
1448 890 1522 937 ita
1564 891 1839 938 multorum

143 965 264 1012 tulit
294 965 535 1013 lectorum
566 965 798 1026 plausum
830 967 881 1011 et
912 966 1076 1011 aetate
1111 964 1231 1011 satis
1266 965 1475 1025 antiqua
1498 979 1655 1025 paene
1681 981 1710 1012 a
1734 980 1843 1013 cor-

142 1055 262 1101 pore
302 1039 723 1104 declamationum
755 1038 962 1100 abrepta
1001 1041 1052 1085 et
1090 1037 1142 1084 in
1179 1053 1364 1099 paucas
1404 1038 1601 1101 eclogas
1638 1041 1840 1100 recepta

145 1115 231 1160 est.
279 1112 599 1160 Paucissimis
623 1113 780 1176 igitur
795 1114 957 1173 iisque
975 1111 1253 1159 recentibus
1270 1111 1519 1160 codicibus
1537 1113 1600 1159 ad
1616 1116 1839 1161 nostram

145 1189 362 1235 aetatem
392 1188 636 1249 pervenit.

255 1260 350 1317 Qui
382 1264 498 1309 sunt
528 1261 580 1308 hi
612 1277 717 1308 sex:

258 1339 303 1383 1.
336 1335 703 1383 Barberinus
735 1334 787 1382 H
818 1337 884 1382 41
924 1329 1017 1400 (=
1050 1328 1117 1400 B)
1158 1349 1280 1381 saec.
1315 1335 1407 1381 XV
1445 1334 1529 1383 fol.
1563 1337 1685 1382 436.
1749 1336 1843 1383 Est

144 1410 294 1458 codex
328 1406 652 1471 ‘corporalis'.
707 1409 834 1456 Vide
859 1412 894 1456 t.
919 1409 944 1456 I
967 1425 1014 1470 p.
1042 1410 1111 1455 24
1130 1424 1199 1469 sq.
1255 1408 1506 1470 Descripsi
1538 1425 1666 1458 anno
1696 1410 1837 1459 1869

143 1485 229 1532 sed
261 1484 605 1548 apographum
636 1483 768 1546 quod
801 1498 914 1531 cum
946 1482 1112 1531 codice
1136 1482 1417 1531 Matritensi
1450 1484 1840 1545 comparandum

143 1557 367 1607 Hausero
407 1558 520 1605 misi
558 1559 612 1604 in
649 1558 827 1605 itinere
869 1573 999 1605 anno
1042 1558 1184 1605 1870
1224 1557 1388 1619 pe'riit.
1451 1557 1678 1605 Alterum
1722 1574 1840 1620 apo-

143 1633 391 1695 graphum
422 1632 671 1680 amicitiae
702 1631 929 1695 Hugonis
961 1631 1165 1678 Hinckii
1197 1631 1358 1678 debui.

254 1706 417 1754 Huius
450 1706 632 1755 codicis
663 1708 764 1754 tria
796 1708 994 1754 servata
1026 1707 1142 1753 sunt
1173 1706 1481 1769 apographa:

258 1783 304 1828 2.
339 1781 785 1829 Escurialensis
818 1776 1133 1828 Τ-ΙΙ-15
1168 1774 1297 1843 (151
1334 1781 1388 1827 in
1420 1782 1648 1844 catalogo
1679 1781 1840 1829 Mille-

142 1848 310 1921 riano)
336 1870 458 1903 saec.
485 1855 603 1901 XVI
628 1856 851 1902 exeuntis
875 1855 960 1902 fol.
991 1855 1071 1901 79.
1119 1853 1248 1901 Vide
1280 1869 1432 1916 supra
1464 1871 1510 1916 p.
1541 1857 1568 1902 7
1588 1871 1659 1917 sq.
1714 1853 1837 1904 Gon-

144 1930 298 1977 sentit
327 1930 430 1976 fere
464 1945 573 1976 cum
605 1929 663 1989 B,
694 1929 791 1976 nisi
822 1928 955 1990 quod
985 1944 1084 1976 non
1116 1943 1285 1976 omnes
1323 1929 1459 1976 illius
1491 1929 1695 1977 lacunas
1727 1945 1836 1991 spa·

142 2004 229 2051 tiis
261 2003 556 2051 intermissis
588 2002 843 2051 indicavit.
908 2001 1111 2050 Contuli
1142 2000 1272 2050 anno
1309 2004 1465 2051 1880.

259 2078 304 2125 3.
354 2076 687 2125 Vaticanus
734 2093 805 2140 gr.
853 2077 996 2124 1940
1045 2091 1168 2124 saec.
1213 2076 1359 2124 XVH
1403 2079 1531 2139 part.
1579 2080 1608 2124 2
1658 2078 1743 2126 fol.
1792 2081 1837 2125 1.

142 2150 271 2199 Vide
302 2153 337 2199 t.
362 2150 435 2198 IV
466 2167 513 2212 p.
541 2152 663 2199 384.
728 2150 988 2198 Consentit
1019 2165 1137 2198 cum
1165 2150 1222 2197 B.
1284 2151 1483 2213 Inspexi
1515 2154 1644 2199 a'nno
1680 2153 1837 2200 1896.

258 2227 304 2272 4.
351 2224 802 2273 Vallicellanus
841 2225 1025 2272 Allat.
1067 2223 1289 2272 CXXXV
1329 2218 1458 2290 (211
1493 2226 1547 2272 in
1579 2226 1808 2290 catalogo
1843 2229 1932 2270 168

266 2352 307 2406 1)
342 2349 470 2402 Quae
508 2366 580 2394 res
620 2352 729 2394 ficta
769 2354 859 2402 est,
902 2351 1015 2407 quin
1057 2350 1198 2394 etiam
1239 2350 1459 2394 abhorret
1498 2365 1525 2394 a
1567 2351 1838 2395 testimonio

144 2423 250 2452 cum
282 2409 529 2467 apologiae
568 2424 689 2466 quae
727 2410 875 2454 fertur
909 2410 1232 2466 Xenophontis
1270 2412 1371 2453 tum
1403 2410 1666 2454 Phaedonis
1707 2410 1837 2453 cuius

144 2468 344 2525 vestigia
374 2471 561 2525 praeter
591 2472 766 2513 ceteros
806 2469 1018 2527 dialogos
1050 2468 1258 2512 Platonis
1297 2470 1347 2513 in
1386 2469 1580 2524 reliquis
1614 2469 1837 2513 Libanius

143 2527 344 2570 maxime
376 2529 558 2584 pressit.
622 2529 799 2572 Ansam
822 2528 1092 2584 praebuisse
1124 2528 1311 2572 videtur
1334 2529 1456 2584 quod
1484 2528 1695 2572 Socrates
1723 2543 1837 2572 non-

145 2586 257 2629 dum
294 2601 400 2630 reus
440 2601 469 2630 a
508 2587 653 2631 Critia
693 2587 897 2642 colloqui
936 2587 1109 2631 vetitus
1151 2590 1233 2631 est.
1299 2586 1357 2631 cf
1383 2603 1428 2643 p.
1454 2592 1594 2643 47‚2;
1635 2592 1747 2638 99,7
1790 2590 1839 2632 et

143 2660 188 2701 p.
218 2650 317 2701 135,
336 2652 357 2688 1
379 2662 445 2702 sq.
509 2647 671 2691 Talem
711 2646 945 2691 fictionem
985 2661 1077 2690 non
1116 2661 1304 2702 prorsus
1337 2661 1364 2690 a
1397 2646 1594 2691 Libanio
1634 2646 1837 2690 alienam

146 2718 310 2748 censeo
334 2705 552 2761 idemque
578 2706 773 2749 dixerim
798 2706 855 2749 de
880 2706 1080 2749 lectione
1105 2705 1319 2748 Vitarum
1345 2706 1659 2763 sophistarum
1681 2705 1837 2749 Philo-

146 2764 283 2807 strati
299 2766 358 2820 (p.
379 2769 476 2819 140,
489 2766 560 2822 11)
579 2778 698 2820 quae
715 2778 807 2807 uno
824 2764 927 2808 loco
945 2767 1151 2821 apparet.
1166 2799 1173 2806 ,
1186 2765 1246 2807 Et
1264 2779 1547 2821 quamquam
1564 2765 1614 2808 in
1632 2765 1839 2808 dictione

145 2821 467 2926 33ἷῖἐέῗὲἰῖἓὲ
497 2823 1224 2926 {Esssssffissssuffssffifflssff
1224 2823 1462 2927 ¹313.ssssssss
1492 2824 1841 2926 {32332333

146 2938 342 2984 Libanio
373 2943 647 2996 praesertim
679 2941 978 2985 adulescente
1011 2941 1150 2985 scribi
1182 2942 1390 2997 potuisse
1421 2918 1593 2998 negare
1624 2942 1746 2986 nolo.
