2026 3192
170 1079 213 1110 10

171 1523 213 1554 15

237 122 345 173 326
719 121 948 166 LIBANII
979 121 1369 168 DECLAMATIO
1402 123 1444 166 V

237 257 412 327 τέρων
443 255 475 325 ἢ
508 266 620 311 τῶν
659 257 948 326 ἡγεμόνων
980 258 1012 327 ἢ
1044 267 1156 310 τῶν
1187 262 1426 327 πολλῶν,
1467 261 1515 312 εἰ
1546 270 1722 323 κακῶς
1755 256 1929 330 εἷπον,

238 349 288 399 εἰ
324 345 651 416 περιέρρηξα
689 349 1035 415 χλανίσκιον,
1085 349 1131 400 εἰ
1171 348 1231 400 τὸ
1272 356 1552 417 σκῆπτρον
1599 351 1675 412 εἰς
1713 351 1930 419 πληγὴν

237 435 622 504 ἀνετεινάμην,
678 437 726 488 εἰ
780 434 943 505 γέρας
998 435 1304 504 ἀφειλόμην
1356 437 1429 499 ὡς
1474 436 1544 489 ἂν
1598 438 1764 501 αὐτὸς
1816 448 1932 503 τοῖς

238 524 475 592 ἐμαυτοῦ
515 525 801 586 κινδύνοις
839 531 1011 577 ταῦτα
1049 526 1301 593 κομίσας,
1349 528 1400 578 εἰ
1437 526 1636 595 μικρὸν
1677 526 1709 595 ἢ
1747 531 1930 595 μεῖζον

238 608 315 665 ὧν
363 613 465 666 οὐκ
512 614 739 682 ἄμεινον
784 618 951 684 θυμῷ
998 615 1291 682 προήχθην
1337 613 1704 684 ἐργάσασθαι,
1758 615 1928 669 ἀδικῶ

235 699 338 769 μὲν
375 702 534 769 ὑμᾶς,
575 701 745 754 ἀδικῶ
787 698 848 753 δὲ
889 700 1096 769 Πηλέα,
1141 702 1169 755 ὁ
1212 702 1272 755 δὲ
1309 704 1494 769 θυμὸς
1531 702 1658 774 παρ’
1706 703 1826 773 ἐμοὶ
1866 706 1930 757 τὰ

235 800 422 859 πρῶτα
461 787 595 860 ἔχει,
646 792 790 859 λη’θη
840 788 905 842 δέ
947 810 1041 858 μοι
1086 798 1187 843 τοῦ
1234 792 1438 860 πατρὸς
1484 792 1587 845 οὐκ
1633 788 1738 846 οἷδ’
1786 794 1932 857 ὅπως

236 878 545 947 ἐγγέγονεν.

349 967 431 1019 39.
475 965 609 1021 Ἀλλ’
671 966 921 1034 ἐπάνειμι
975 969 1111 1037 πρὸς
1156 970 1251 1031 τὰς
1303 969 1652 1039 παραινέσεις
1691 970 1782 1024 καὶ
1828 986 1931 1024 σω-

239 1066 429 1126 φρονῶ
491 1057 580 1109 καὶ
643 1057 900 1124 λαμβάνω
964 1057 1030 1109 τὰ
1092 1057 1247 1110 ὅπλα.
1311 1059 1358 1110 εἰ
1421 1057 1471 1110 δ’
1531 1059 1777 1128 ἥμαρτον
1830 1058 1932 1130 μὲν

238 1145 426 1213 οὐδέν,
489 1144 821 1214 ὑβρισμένος
883 1142 944 1197 δὲ
1006 1145 1196 1213 ἀλγεῖν
1257 1145 1571 1216 ἐπίσταμαι,
1642 1156 1751 1201 ποῦ
1815 1153 1931 1218 Πη-

237 1234 372 1297 λέως
411 1237 465 1287 αἱ
508 1232 821 1303 συμβουλαὶ
859 1244 1234 1304 παρορῶνται,
1282 1237 1427 1288 δοκῶ
1476 1235 1540 1288 δέ
1583 1257 1676 1306 μοι
1724 1240 1933 1306 τρόπον

238 1324 426 1393 ἕτερον
475 1323 834 1391 ἐπιλελῆσθαι
885 1322 1113 1392 Πηλέως
1159 1321 1235 1376 ἔτ’
1287 1321 1428 1392 ἔχων
1482 1324 1543 1377 ἐν
1597 1334 1660 1396 τῇ
1717 1334 1785 1395 γῇ
1837 1328 1933 1389 τὰς

238 1421 375 1476 ναῦς
413 1411 504 1465 καὶ
544 1411 760 1480 μέλλων
798 1411 1111 1478 καθέλκειν,
1153 1411 1270 1464 ἀλλ’
1310 1413 1376 1465 οὐ
1410 1415 1660 1477 συνάψας
1691 1421 1766 1487 τῷ
1807 1434 1934 1484 προ·

238 1507 559 1611 πηλακισμῷ
599 1502 696 1554 τὸν
737 1500 1038 1554 ἀπόπλουν.
1081 1502 1128 1553 εἰ
1169 1502 1271 1570 γὰρ
1314 1502 1459 1572 αὐτῷ
1493 1522 1576 1565 τις
1615 1503 1931 1571 ἀγγείλειεν,

359 1667 383 1705 2
417 1680 470 1719 γρ
505 1661 804 1733 χλανίδιον
837 1661 917 1704 καὶ
948 1658 1297 1718 χλανισκιον.
1356 1660 1615 1718 Εὐριπίδης
1646 1665 1696 1707 ἐν
1722 1661 1931 1723 ἫΟρέστῃ

239 1724 330 1778 (42)
370 1723 680 1794 χλανιδίων
719 1719 767 1764 δ’
805 1720 905 1765 ἔσω
945 1722 1230 1793 κρυφθεὶς
1271 1721 1353 1765 καὶ
1391 1719 1632 1791 Αἰσχινης·
1675 1726 1735 1779 (p.
1771 1728 1840 1778 18,
1859 1727 1933 1779 30)

240 1782 288 1825 εἰ
320 1780 421 1837 γάρ
455 1778 540 1831 τίς
580 1794 677 1824 σου
718 1779 782 1824 τὰ
822 1779 1014 1836 κομψὰ
1053 1786 1229 1823 ταῦτα
1268 1778 1569 1838 χλανίσκια
1605 1782 1933 1838 περιελόμε-

240 1857 336 1890 νος
367 1840 435 1884 B²
468 1842 540 1896 (=
566 1840 726 1883 Thom.
754 1839 814 1883 M.
850 1854 883 1881 s.
910 1854 949 1882 v,
983 1854 1028 1894 p.
1060 1842 1250 1895 399,13)

240 1994 383 2042 326,1
418 1991 598 2032 πολλῶν
629 1987 884 2044 praemisso
917 1985 1130 2042 κείμενον
1161 1987 1211 2030 in
1242 2000 1376 2043 marg
1402 1987 1512 2031 Ma²
1550 1991 1557 2044 1
1595 1989 1711 2043 πρὸς
1741 1988 1888 2033 Thom
1925 1991 1927 2045 f

240 2045 386 2092 ὅντιν’
426 2044 510 2091 οὖν
536 2049 589 2092 Η
650 2047 893 2091 ἑντιναοῦν
922 2046 1020 2091 Can

363 2112 398 2149 1
431 2105 711 2178 ἡγουμένων
735 2105 846 2149 Ma²
989 2110 1014 2147 2
1059 2104 1300 2164 χλανίδιον
1334 2106 1409 2149 La
1449 2105 1530 2149 sed
1571 2104 1841 2163 χλανίσκιον
1885 2108 1933 2150 in

239 2178 374 2222 marg
396 2181 441 2224 y
469 2167 525 2210 Vi
644 2169 671 2207 4
695 2163 745 2222 ὴ]
764 2165 804 2208 εἰ
830 2166 887 2209 Vi
912 2166 918 2220 Ι
947 2162 1081 2220 μείζω
1100 2166 1155 2208 H
1273 2168 1298 2207 5
1324 2160 1390 2207 ὧν
1413 2164 1463 2207 in
1486 2178 1620 2222 marg
1646 2166 1726 2238 Vi}
1786 2180 1861 2209 om
1882 2167 1940 2211 H

242 2226 423 2269 LaCan
544 2229 568 2268 6
602 2224 684 2280 μὲν
716 2225 835 2297 ὑμᾶς
875 2225 932 2268 Vi
963 2224 1044 2267 sed.
1077 2240 1160 2278 μεν
1191 2224 1218 2266 ὑ
1251 2223 1301 2266 in
1332 2237 1407 2267 ras
1439 2222 1510 2266 m’
1551 2226 1556 2279 Ι
1607 2221 1721 2280 παρ’
1758 2238 1835 2268 0111
1877 2227 1935 2270 Vi

248 2286 251 2341 ξ
287 2284 343 2327 τὰ
375 2291 534 2339 πρῶτα
568 2283 660 2340 ἔχει
691 2280 806 2337 παρ’
842 2283 944 2338 ἐμοὶ
977 2284 1111 2327 Lam·
1248 2288 1270 2326 7
1314 2282 1366 2326 δέ
1396 2299 1473 2338 μοι
1516 2284 1571 2327 Vi
1609 2284 1691 2327 sed
1724 2282 1746 2327 ἑ
1776 2300 1853 2338 μοι
1882 2284 1933 2327 in

239 2358 317 2387 ras
348 2343 418 2385 m²
446 2346 451 2398 Ι
479 2340 523 2400 γ’
552 2345 660 2399 post
694 2342 870 2396 πατρὸς
902 2341 1003 2384 Mor
1065 2341 1138 2386 del
1166 2341 1231 2384 Re
1376 2299 1426 2385 8μ
1437 2340 1679 2398 ἐγγέγονεν
1710 2342 1876 2399 scripsi
1908 2357 1933 2386 e

245 2403 456 2446 LaLaur
532 2403 572 2446 εἰ
603 2400 794 2458 γέγονεν
824 2401 882 2443 Η
953 2399 1155 2458 ἐγεγόνει
1190 2402 1326 2445 ΜαΒ
1403 2399 1592 2457 γέγονεν
1623 2401 1792 2457 reliqui
1823 2402 1933 2445 libri
2016 2454 2017 2457 Ἴ

242 2461 334 2504 edd
363 2464 368 2517 1
398 2461 610 2517 ἐπάνειμι
635 2487 689 2492 -
717 2464 771 2503 10
799 2457 915 2503 ὅπλα
942 2459 1058 2503 citat
1115 2459 1349 2503 raemissis
1375 2459 1524 2503 verbis
1557 2461 1635 2503 καὶ
1661 2459 1685 2503 ὁ
1711 2461 1934 2534 Λιβάνιος

242 2519 296 2564 δε
336 2520 386 2564 ἐν
429 2528 483 2577 τῇ
525 2521 643 2574 πρὸς
684 2520 766 2562 τὸν
801 2516 1024 2562 Ὀδυσσέα
1067 2475 1116 2562 Σ
1159 2521 1305 2568 λιταῖς
1346 2519 1649 2576 πρεσβευτικῇ
1694 2518 1934 2580 ἀντιλογίᾳ

241 2579 389 2622 ταῦτά
422 2594 536 2635 φησι
575 2580 655 2622 καὶ
695 2581 826 2622 καλεῖ
853 2577 935 2633 τὴν
969 2575 1439 2633 ἐπανακεφαλαίωσιν
1470 2578 1549 2620 καὶ
1590 2577 1823 2622 ἐπάνοδον
1854 2566 1934 2622 καὶ

244 2636 543 2695 συλλογισμόν
584 2637 770 2693 Gregor.
803 2636 901 2680 Cor.
936 2637 1002 2687 εἰς
1039 2636 1090 2680 τὸ
1131 2637 1236 2691 περὶ
1275 2634 1482 2691 μεθόδου
1523 2635 1787 2693 δεινότητος
1817 2637 1934 2681 Her

243 2711 366 2754 mog.
401 2697 470 2740 ed.
506 2696 637 2739 Walz
678 2696 811 2739 Rhet.
845 2711 912 2753 gr.
945 2698 978 2739 t,
1009 2695 1087 2738 VII
1127 2710 1171 2750 p
1201 2700 1328 2749 1224,
1348 2700 1400 2738 21
1454 2698 1459 2751 Ι
1510 2695 1586 2739 ἐπὶ
1618 2694 1794 2752 Gregor

248 2761 301 2799 10
334 2755 454 2800 οπλα
490 2757 577 2799 Μα
609 2755 690 2799 sed
724 2752 782 2798 ’ὄπ
813 2755 863 2797 in
894 2769 968 2797 ras
999 2754 1069 2797 1113
1104 2755 1110 2812 l
1154 2751 1200 2798 δ’
1237 2768 1311 2797 om
1345 2754 1446 2796 Mol
1567 2759 1621 2796 12
1652 2757 1760 2810 post
1790 2770 1935 2809 παρο-

246 2823 440 2869 ρῶνται;
478 2814 551 2857 lac
583 2820 609 2857 4
642 2814 721 2857 litt
754 2815 889 2858 Lam
1034 2817 1085 2856 13
1121 2811 1182 2856 ἔτ’
1221 2813 1336 2869 ἔχων
1368 2813 1532 2868 scripsi
1565 2827 1620 2855 ex
1648 2815 1776 2858 HLa
1789 2815 1934 2858 ViMa

308 2873 371 2917 ἔτι
397 2874 513 2932 ἔχων
539 2873 671 2917 Laur
733 2871 937 2928 κατέχων
970 2872 1118 2915 BCan
1144 2872 1234 2914 edd
1284 2874 1288 2926 Ι
1339 2878 1392 2928 τῇ
1425 2885 1499 2914 0111
1532 2872 1814 2917 BLaurC'an

249 2939 302 2975 15
335 2949 404 2983 τις
419 2892 631 2976 χἨΕαῖῘι
