2026 3192
534 104 764 148 LlBANII
793 102 1054 148 LEGATIO
1085 100 1362 148 MENELAI
1721 105 1823 157 151

252 241 401 315 365
431 257 662 323 ἐζήτησεν
701 255 727 308 ὅ
766 258 1005 321 φίλιππος
1043 257 1129 308 τὸν
1171 256 1513 322 δημοσθένην·
1554 256 1829 325 κατέφυγεν

140 332 219 384 ἐπὶ
243 331 328 382 τὸν
343 330 480 382 ἐλέου
496 331 667 397 βωμόν
685 325 816 400 (253
836 326 918 399 R).
951 332 1150 381 Desinit
1172 333 1224 380 in
1248 333 1370 382 folio
1390 334 1486 381 39ν
1500 333 1663 381 verbis
1687 336 1829 382 πολε-

139 412 248 473 μεῖν
278 405 371 473 γὰρ
405 408 527 469 262,
547 408 629 455 24.

252 483 323 531 40
372 478 748 545 [Δημοσθένης]
796 479 976 543 incipit
1021 480 1185 529 verbis
1233 479 1352 544 ὑμῖν
1391 480 1664 544 μακεδόνας
1705 479 1830 530 ὑπο-

138 554 452 613 πεπτωκότας
501 556 623 616 266,
643 556 698 617 63
743 554 926 603 desinit
963 553 1017 602 in
1055 555 1176 603 folio
1220 556 1290 602 43
1329 555 1492 604 verbis
1530 553 1831 619 ἀδικήσαντα

138 629 286 679 πλείω
319 624 469 695 (279,
488 622 595 695 24).
653 628 883 678 Succedit
912 630 965 677 in
990 629 1162 678 eodem
1185 629 1307 677 folio

253 705 322 752 43
351 701 503 782 fflet&
533 701 591 751 τὰ
622 701 676 752 ἐν
707 702 967 768 χαιρωνεία
999 703 1238 766 φίλιππος
1270 695 1429 770 (817)

251 794 318 840 47
355 810 387 856 η
428 784 593 858 (rubr)
635 789 859 850 ἐκδοθεὶς
899 791 1123 854 φιλίππω
1155 789 1474 855 δημοσθένης
1505 790 1713 855 ἀφεθεὶς
1749 790 1833 842 καὶ

141 865 207 931 μὴ
233 865 606 928 πολιτευόμενος
630 866 843 930 κρίνεται
867 866 1079 929 δημοσία
1103 859 1277 933 (280).
1302 866 1499 914 Folium
1526 869 1621 914 52v
1652 867 1834 915 desinit

139 940 303 990 verbis
336 944 521 988 θᾶττον
552 939 819 1004 οἰμώξομαι
861 934 1009 1007 (305,
1031 933 1146 1006 19);
1189 942 1256 988 53
1289 941 1468 1003 incipit
1505 941 1667 990 verbis
1709 943 1834 989 eius-

139 1014 252 1063 dem
283 1015 657 1063 declamationis
691 1014 955 1077 φίλιππον·
1010 1011 1042 1078 ἢ
1079 1017 1211 1077 φιλῶ
1241 1008 1389 1081 (310,
1410 1008 1481 1081 5).
1528 1014 1694 1063 Media
1724 1032 1832 1077 per·

139 1091 319 1137 ierunt.

255 1164 322 1211 56
355 1156 410 1210 θ’
441 1162 495 1211 οἵ
519 1161 829 1211 ποτιδαιάται
868 1161 1090 1226 ἀλλήλων
1128 1160 1388 1228 ἐγεύσαντο
1426 1162 1836 1227 πολιορκούμενοι

140 1235 239 1287 ὑπὸ
270 1243 368 1285 τῶν
400 1234 664 1299 ἀθηναίων
704 1237 887 1285 desinit
925 1239 978 1285 in
1015 1237 1136 1286 folio
1170 1238 1266 1285 62⁷
1298 1237 1458 1286 verbis
1499 1236 1716 1300 μεστούς.
1763 1237 1836 1296 τίς

143 1306 190 1360 δ’
226 1308 288 1359 ἂν
322 1306 469 1377 (371,
488 1304 606 1377 26),
652 1327 778 1373 quae
825 1311 878 1359 in
925 1311 1096 1359 eadem
1142 1311 1275 1359 linea
1314 1311 1630 1374 excipiuntur
1671 1311 1834 1360 verbis

0 1330 5 1350 -υ
0 705 13 1292 -κν-ν-η-ψ--κ--ὴ-Ἱ-ρ--ψς-Ἷν-
0 660 3 669 -

143 1383 372 1434 τουτουσὶ
395 1382 609 1448 πένητας
634 1386 684 1433 οἳ
707 1379 859 1451 δεῦρ’,
891 1402 1019 1448 quae
1050 1388 1166 1434 sunt
1190 1385 1564 1435 declamationis
1594 1386 1835 1434 πλουσίου

141 1457 398 1519 ἀξιοῦντος
430 1457 709 1507 ἀποθανεῖν
742 1461 966 1521 228,18.
1015 1459 1153 1507 Haec
1184 1459 1368 1508 desinit
1397 1460 1448 1507 in
1480 1460 1600 1508 folio
1628 1461 1694 1508 66
1730 1476 1834 1508 ver-

141 1533 217 1583 bis
249 1534 440 1612 ultiffiis
471 1531 594 1599 πρὸς
626 1531 711 1581 τὸν
743 1533 902 1597 δῆμον
934 1531 1135 1582 εὔνοιαν
1167 1527 1445 1601 (24Ο,10).

259 1623 325 1670 66
361 1618 402 1671 ι’
421 1619 585 1687 ’Έχων
614 1622 687 1681 τίς
717 1627 928 1687 γυναῖκα
959 1620 1041 1671 καὶ
1074 1619 1145 1671 ὢν
1176 1620 1275 1671 ὑπὸ
1307 1621 1490 1688 πατρὸς
1521 1621 1837 1686 ἀπεδήμησεν

0 1758 4 1768 ἶ
143 1713 254 1745 cum
283 1697 478 1745 theoria
511 1689 669 1763 (639)

0 1769 5 1840 ἓ
258 1780 327 1827 70
363 1773 413 1825 ἴα
458 1778 770 1843 Φιλαργύρου
810 1781 926 1836 παῖς
965 1775 1252 1843 ἀριστεύσας
1291 1776 1472 1842 ’ἥτησεν
1512 1778 1581 1837 εἰς
1619 1777 1710 1842 τὴν
1742 1778 1837 1827 δω-

0 1844 4 1932 ξ
143 1851 265 1918 ρεὰν
299 1850 484 1930 θαλλὸν
516 1851 761 1914 στεφάνου
795 1846 953 1918 (622)

0 1934 3 1954 '
260 1942 325 1988 75
360 1941 411 2004 ιβ
443 1938 657 1989 Διέσωσέ
687 1959 758 1999 τις
790 1938 1079 2005 ἐμπρησμοῦ
1110 1939 1379 2006 γενομένου
1410 1940 1495 1990 τὸν
1535 1939 1713 1990 ἑαυτοῦ
1744 1958 1838 1989 πα·-

0 2010 5 2110 ἰ
145 2011 258 2079 τέρα
290 2030 400 2062 cum
431 2015 715 2076 protheoria
749 2009 906 2082 (739)

0 2114 5 2161 5
258 2097 352 2144 84v
389 2091 441 2162 ἦ]
477 2094 728 2160 φθονερὸς
761 2103 848 2144 τοῦ
879 2095 1096 2160 γείτονος
1127 2096 1281 2146 αὐτοῦ
1312 2095 1679 2160 πλουτήσαντος
1710 2094 1838 2156 ἐξαί-

0 2165 6 2250 J
146 2173 291 2233 φνης
310 2168 486 2248 ἑαυτὸν
516 2168 860 2244 προσαγγέλλει
891 2164 1050 2238 (159)

0 2254 5 2283 4⁴
260 2260 325 2306 91
362 2254 425 2306 ιδ’
456 2259 711 2317 Δύσκολος
743 2257 902 2324 γήμας
934 2259 1081 2308 λάλον
1114 2264 1326 2335 γυναῖκα
1358 2254 1516 2327 (134)

264 2342 329 2388 96
365 2335 417 2388 ἰἶ
447 2339 751 2406 φιλαργύρου
784 2345 900 2399 παῖς
932 2347 1019 2389 τοῦ
1051 2340 1234 2405 πατρὸς
1265 2339 1419 2390 αὐτοῦ
1443 2341 1717 2405 κάμνοντος
1747 2338 1839 2404 ηὔ-

147 2414 259 2472 ξατο
291 2420 357 2462 τῶ
387 2411 640 2477 ἀσκληπιῶ
673 2413 910 2463 τάλαντον
944 2413 1119 2463 δώσειν
1150 2431 1261 2463 cum
1291 2416 1485 2464 theoria
1520 2409 1675 2481 (654)

263 2504 369 2550 100
404 2498 460 2558 ῖς
497 2499 777 2565 Παράσιτος
809 2510 896 2551 τοῦ
928 2501 1194 2567 τρέφοντος
1225 2502 1377 2553 αὐτὸν
1409 2502 1840 2566 φιλοσοφήσαντος

146 2573 324 2625 ἑαυτὸν
353 2574 695 2641 προσαγγέλλει
727 2570 884 2642 (216)

263 2666 366 2713 103
401 2666 447 2723 ιζ
476 2663 754 2728 Παράσιτος
784 2663 863 2713 ἐπὶ
894 2665 1097 2714 δεῖπνον
1127 2663 1331 2729 κληθεὶς
1362 2659 1519 2733 (150)

265 2748 457 2801 105
407 2772 456 2816 ιη
493 2752 749 2819 Τύραννος
779 2751 959 2817 η’τησεν
998 2751 1045 2813 ἐξ
1079 2751 1417 2819 ἀστυγείτονος
1456 2752 1643 2812 πόλεως
1675 2770 1839 2818 μειρα-

0 2854 5 2912 ἰ
149 2842 260 2874 κιον
291 2822 474 2892 ὡραῖον
506 2820 663 2894 (459)

0 2921 10 2991 Ι
266 2909 371 2955 110
403 2903 483 2955 ιθ’
515 2907 767 2967 Δύσκολος
798 2906 1031 2957 ὤλισθεν·
1065 2905 1091 2956 ὁ
1122 2912 1240 2967 παῖς
1270 2906 1441 2973 παρὼν
1466 2906 1655 2973 ἐγέλασε
1680 2903 1837 2975 (612)
