2026 3192
670 103 897 149 MARTIS
928 103 1227 149 DEFENSIO
1687 103 1794 155 441

104 262 210 310 νην
248 241 582 311 ἀδικηθῆναι
629 241 691 294 τὸ
739 245 1064 309 κωλυθῆναι
1118 241 1299 310 γάμου
1345 249 1558 310 τυχεῖν,
1614 241 1796 310 ὥσπερ

103 337 203 384 τοῦ
243 330 532 400 χρημάτων
571 330 606 383 ἅ
647 350 726 393 τις
765 324 911 398 εἶχεν
947 329 1195 383 ἐκπεσεῖν
1226 330 1287 383 τὸ
1320 330 1459 399 μηδὲ
1490 331 1799 398 κτήσασθαι

18 409 22 412 ⁴
103 420 204 488 τὴν
246 419 432 489 ἀρχήν.

218 509 300 561 17.
337 506 627 578 Ἠράσθη
661 509 803 578 γάρ,
837 522 989 576 φησι,
1022 506 1128 560 καὶ
1161 506 1574 577 τῆν”Ερωτος
1605 508 1799 577 μεγά-

105 602 222 667 λην
260 596 330 651 τέ
363 617 510 651 τινα
548 595 653 650 καὶ
692 598 943 665 πολλὴν
983 590 1154 651 εἷναι
1203 597 1488 665 δύναμιν
1533 597 1637 650 καὶ
1685 617 1798 666 μη-
1845 619 1866 652 5

104 687 294 749 δενὸς
334 685 696 756 ἀπέχεσθαι
736 686 896 755 μηδὲ
935 685 1150 739 αὐτῶν
1188 695 1317 739 τῶν
1347 691 1535 739 θεῶν.
1574 685 1665 739 καὶ
1698 686 1800 739 οὐκ

103 774 371 847 ᾐσχύνετο
411 784 526 839 τοῖς
564 776 700 829 κατὰ
738 785 849 829 τῶν
888 781 1041 828 θεῶν
1081 778 1266 843 λόγοις
1312 772 1452 844 ὑπὲρ
1500 784 1594 844 τῆς
1633 775 1801 844 ἀκρα·

104 868 226 928 σίας
257 862 615 934 Ἁλιρροθίου
656 865 947 934 χρώμενος.
999 863 1104 933 ἐγὼ
1153 863 1214 917 δὲ
1254 863 1591 933 θαυμάσαιμ’
1642 863 1711 917 ἀν
1752 870 1800 922 εἰ

102 955 236 1017 θεὸς
289 954 368 1007 ὢν
415 953 443 1008 ὁ
478 952 654 1024 ’Ἐρως
708 963 892 1007 κακῶν
931 959 1107 1016 αἴτιος
1161 953 1228 1007 οὐ
1278 952 1416 1022 λέγω
1456 959 1635 1022 θεοῖς,
1676 952 1791 1006 ἀλλ’

103 1043 421 1112 ἀνθρώπων
474 1041 584 1096 τινὶ
647 1044 910 1112 γίγνεται.
972 1048 1113 1096 θεοῦ
1169 1043 1299 1113 γάρ,
1362 1039 1540 1112 οἶμαι,
1601 1044 1799 1096 παύειν
1824 1069 1867 1101 ιο

102 1132 258 1201 κακά,
299 1134 368 1185 σὺ
409 1128 458 1184 δ’
506 1132 674 1186 αὐτὸν
715 1131 892 1200 λέγεις
932 1131 1257 1200 ἀναγκάζειν
1303 1133 1616 1202 μαίνεσθαι.
1668 1132 1697 1186 ὁ
1739 1133 1801 1186 δὲ

105 1225 293 1291 φιλίας
339 1219 442 1291 μὲν
489 1223 702 1284 δικαίας
750 1221 1091 1292 ἐνεργάζεται
1139 1232 1257 1284 τοῖς
1295 1221 1640 1291 ἀνθρώποις,
1689 1221 1802 1275 ἀδί-

103 1331 221 1374 κοις
274 1311 335 1364 δὲ
391 1310 605 1380 μίξεσιν
659 1311 885 1364 ἐκείνων
933 1311 1000 1364 οὐ
1056 1315 1450 1379 φιλοτιμεῖται,
1506 1311 1642 1364 ἀλλὰ
1692 1312 1800 1365 ὑπὸ

103 1409 215 1453 τῶν
269 1401 336 1452 οὐ
399 1399 724 1467 δυναμένων
777 1409 1092 1470 σωφρονεῖν
1146 1400 1414 1454 ἀδικεῖται
1467 1408 1563 1469 τῆς
1617 1401 1802 1454 αὑτῶν

104 1488 279 1557 μέθης
318 1488 532 1542 ἐκεῖνον
571 1488 936 1556 αἰτιωμένων,
984 1492 1043 1542 οἳ
1084 1488 1175 1543 καὶ
1217 1498 1328 1542 τῶν
1368 1488 1428 1542 ἐν
1467 1500 1582 1552 τοῖς
1620 1491 1801 1543 τοιού-
1825 1513 1867 1547 1⁵

103 1598 219 1641 τοις
273 1578 570 1648 ἐπιορκιῶν
624 1578 726 1632 οὐκ
766 1575 913 1632 εἷναί
971 1591 1108 1648 φασι
1156 1579 1311 1642 δίκας
1357 1579 1560 1641 αὑτοὺς
1608 1578 1800 1643 ἐξαπα-

103 1677 315 1731 τῶντες.
396 1667 479 1721 18.
520 1668 653 1720 ὅταν
700 1664 804 1721 οὖν
851 1669 923 1731 ὡς
963 1668 1276 1737 ἐπεθύμησε
1324 1667 1507 1742 λέγῃς,
1555 1668 1688 1722 αὐτὸ
1737 1670 1798 1722 τὸ

106 1755 342 1825 ἀδίκημα
381 1757 558 1825 λέγεις
595 1755 686 1810 καὶ
727 1755 800 1810 δι’
847 1756 875 1810 ὃ
916 1759 1018 1825 τὴν
1058 1758 1219 1826 δίκην
1259 1754 1477 1810 ἔδωκεν.
1520 1758 1652 1811 αὐτὸ
1693 1759 1798 1826 γὰρ

105 1852 269 1898 τοῦτο
294 1845 633 1916 ἐγκαλοῦμεν
658 1847 742 1900 ὅτι
775 1856 886 1900 τῶν
918 1847 983 1900 οὐ
1017 1849 1412 1916 προσηκόντων
1438 1846 1800 1916 ἐπεθύμησεν,

224 2040 252 2079 4
285 2035 342 2080 cf.
374 2051 419 2094 p.
446 2042 547 2092 422,
567 2042 591 2082 9
610 2052 678 2094 sq.
803 2042 857 2082 16
890 2037 948 2082 cf.
980 2053 1025 2095 p.
1050 2042 1153 2093 423,
1173 2041 1227 2081 10
1245 2052 1313 2094 sq.

226 2220 251 2259 2
283 2215 334 2259 τὸ
370 2216 428 2260 Vi
458 2217 505 2259 et
536 2231 590 2271 γρ
623 2215 674 2258 in
705 2229 839 2272 marg
871 2215 972 2259 Mor
1005 2217 1012 2273 Ι
1047 2214 1077 2258 ἃ
1109 2214 1179 2266 τίς
1207 2215 1266 2258 Η
1295 2219 1302 2270 Ι
1342 2211 1464 2272 εἶχεν
1494 2215 1620 2259 inser
1653 2217 1742 2260 Ma

107 2287 183 2318 om
217 2274 270 2320 Ol
297 2276 303 2331 Ι
330 2274 380 2319 τὸ
423 2275 491 2319 Va
522 2274 602 2318 sed
634 2288 710 2318 ras
746 2278 858 2318 1—2
890 2274 970 2318 litt
1001 2276 1107 2331 post
1132 2291 1156 2318 ο
1218 2281 1301 2318 τοῦ
1336 2275 1393 2319 Vi
1423 2277 1470 2319 et
1502 2292 1556 2331 γρ
1587 2275 1635 2318 in
1668 2290 1802 2332 marg

107 2333 208 2378 Mor
250 2337 255 2388 !
283 2333 342 2391 μὴ
376 2333 429 2378 δὲ
461 2335 517 2378 H
523 2334 775 2379 ViBMaCz
836 2351 889 2390 γρ
922 2331 973 2377 δὲ
1005 2334 1066 2391 μὴ
1097 2334 1146 2377 in
1179 2347 1313 2390 marg
1344 2333 1445 2378 Mor
1486 2337 1492 2390 Ι
1538 2333 1802 2388 κτήσασθαι

106 2393 190 2448 τὴν
223 2392 371 2452 ἀρχήν
403 2392 590 2450 reposui
622 2406 648 2436 e
679 2392 812 2436 libris
846 2393 1096 2451 (τηναρχὴν
1122 2395 1184 2446 Β)
1245 2392 1329 2449 τὴν
1358 2393 1506 2451 ἀρχὴν
1537 2392 1801 2449 κτήσασθαι

109 2452 200 2496 edd
342 2456 369 2495 4
402 2451 494 2496 ἴστε
524 2454 632 2508 post
662 2453 742 2495 καὶ
775 2453 1002 2496 excidisse
1033 2452 1137 2497 coni
1163 2451 1319 2496 Gasda
1454 2458 1479 2496 6
1512 2452 1572 2509 μὴ
1606 2452 1657 2498 δὲ
1682 2454 1740 2498 H
1746 2453 1803 2497 Vi

18 2523 19 2526 ’
109 2512 304 2556 BMaOl
439 2515 464 2555 8
496 2518 578 2555 τοῦ
612 2513 720 2556 ante
751 2509 1030 2567 ἁλιρροθίου
1054 2514 1099 2556 Β
1221 2516 1246 2555 9
1279 2509 1378 2555 ἀλλ’
1407 2512 1593 2568 reposui
1618 2525 1643 2555 e
1666 2511 1799 2556 libris

169 2569 283 2614 ἀλλὰ
315 2570 404 2614 edd
530 2574 584 2613 10
616 2571 854 2626 ἀνθρώπω
880 2573 924 2615 Β
953 2572 958 2627 Ι
987 2569 1163 2628 γίνεται
1197 2570 1412 2616 VaMaOE
1438 2572 1444 2630 Ι
1472 2570 1555 2628 μὲν
1579 2573 1687 2615 ante
1712 2571 1799 2629 γὰρ

111 2629 149 2672 C
290 2634 341 2673 11
387 2628 660 2685 μαίνεσθαι;
705 2631 864 2675 HOVi
1006 2635 1059 2674 13
1105 2627 1200 2673 ἀλλ’
1254 2630 1403 2674 GViB
1547 2635 1602 2674 14
1646 2630 1800 2675 αὑτῶν

22 2695 23 2699 ’
111 2688 277 2745 scripsi
310 2702 335 2732 e
369 2689 472 2734 GVi
546 2690 700 2733 αὐτῶν
731 2688 900 2745 reliqui
931 2689 1042 2732 libri
1074 2689 1165 2733 edd
1303 2693 1356 2732 15
1390 2689 1677 2746 αἰτιωμένων
1712 2691 1800 2734 Ma

21 2750 26 2755 ’
111 2747 192 2790 sed
224 2747 499 2804 αἰτιώμενον
531 2762 747 2804 suprascr
776 2749 845 2791 m²
991 2754 1042 2791 16
1084 2748 1254 2798 αὑτοὺς
1285 2747 1448 2805 scripsi
1474 2763 1498 2792 e
1533 2749 1726 2794 GViMa

111 2806 280 2857 αὐτοὺς
310 2806 481 2863 reliqui
510 2806 622 2851 libri
653 2808 741 2851 edd
869 2812 920 2850 17
956 2805 1024 2852 ὅτι
1054 2807 1216 2851 Iacobs
1249 2807 1361 2851 Lect
1393 2812 1477 2851 120
1517 2811 1528 2864 Ι’
1565 2809 1626 2859 ὡς
1657 2821 1732 2852 om
1766 2808 1804 2853 Ο

114 2867 119 2921 Ι
155 2863 287 2922 λέγῃς
317 2866 503 2924 reposui
535 2880 559 2910 e
590 2865 723 2910 libris
785 2864 928 2923 λέγεις
959 2867 1050 2910 edd
1083 2868 1129 2909 et
1159 2865 1321 2910 Iacobs
1468 2870 1520 2910 18
1554 2867 1627 2912 διὸ
1661 2868 1800 2911 ΒΜα

114 2924 166 2968 ΟΖ
193 2927 198 2977 Ι
227 2924 398 2970 ἔδωκεν
429 2925 592 2982 scripsi
625 2940 680 2969 ex
711 2926 1016 2971 HGViMan
1084 2925 1225 2970 ἔδωκε
1258 2926 1303 2968 Β
1372 2924 1574 2970 δέδωκεν
1610 2926 1677 2970 Va
1708 2927 1799 2970 edd
