2026 3192
221 122 331 173 232
696 121 924 165 LIBANII
953 119 1343 165 DECLAMATIO
1374 121 1439 165 IV

222 255 656 326 εὐνομουμέναις
694 267 805 310 τῶν
843 260 1057 310 πόλεων
1097 256 1282 327 εὕροις
1320 259 1389 310 ἄν
1427 277 1551 310 τινα
1595 258 1693 310 τὸν
1739 259 1912 312 αὑτοῦ

222 349 350 414 βίον
389 345 650 408 ἐναντίως
687 351 762 418 τῷ
794 353 963 418 κοινῷ
996 346 1479 414 καταστησάμενον
1511 349 1758 415 σχήματι,
1799 348 1912 400 διό-

223 453 324 504 περ
364 433 452 488 καὶ
493 436 774 499 κολάζεται
813 437 980 505 νόμῳ.
1054 433 1174 487 ἀλλ’
1221 434 1288 487 οὐ
1327 443 1439 488 τῶν
1469 437 1702 503 πόλεων,
1742 431 1913 505 οἶμαι,

223 531 393 576 ταῦτα
438 525 879 593 κατηγορήματα,
934 531 1034 576 τοῦ
1085 523 1145 576 δὲ
1191 525 1548 592 πεποιηκότος
1595 523 1912 593 ἀδικήματα.

179 634 197 666 5
225 612 272 664 6.
317 612 350 665 ἃ
397 615 594 665 τοίνυν
638 613 1027 682 θαυμάσαντες
1073 612 1230 681 ὑμῶν
1284 610 1502 681 ἔχομεν,
1557 612 1737 665 ἐκεῖνά
1786 613 1913 666 ε’στι.

223 710 443 769 πρῶτον
489 700 615 770 μέν,
662 701 745 754 ὅτι
792 702 853 754 τὸ
901 710 1081 771 χρῆμα
1134 710 1245 754 τῶν
1291 701 1573 772 πρέσβεων
1617 701 1915 755 ἐπίστασθε

223 788 314 843 καὶ
361 792 492 853 τοὺς
537 790 773 858 ἥκοντας
819 791 1175 860 προσήκασθε
1226 788 1317 842 καὶ
1373 791 1474 843 οὐκ
1521 789 1916 860 ἀπεστράφητε,

135 883 254 927 RIV
274 888 327 927 18
406 879 477 941 ὡς
516 879 799 947 ἠκούσατε,
840 877 957 932 ἀλλ’
1004 877 1323 942 ἀνοίξαντες
1360 880 1454 942 τὰς
1493 879 1669 941 πύλας
1702 876 1710 950 Ι
1751 888 1915 933 τοῦτο

224 967 326 1034 μὲν
374 966 630 1037 ε’δέχεσθε
679 967 739 1020 ἐν
784 976 848 1038 τῇ
889 969 1046 1020 πόλει
1094 964 1304 1038 πράως,
1350 975 1514 1021 τοῦτο
1563 968 1623 1020 δὲ
1663 966 1916 1033 ἐξενίζετε

160 1078 202 1108 10
227 1059 503 1126 λαμπρῶς,
542 1056 682 1125 λέγω
724 1058 828 1126 γὰρ
870 1064 978 1109 νῦν
1016 1055 1284 1127 ὑμετέραν
1328 1055 1528 1125 πρᾶξιν
1575 1058 1675 1125 τὴν
1722 1061 1916 1124 φιλαν-

159 1521 199 1554 15

224 1147 485 1215 θρωπίαν
534 1144 858 1215 Ἀντήνορος.
939 1147 988 1199 7.
1027 1144 1114 1198 ἐπὶ
1155 1146 1374 1208 τούτοις
1414 1143 1589 1213 βωμοὶ
1635 1154 1917 1214 πανταχοῦ

225 1242 320 1302 τῆς
379 1236 589 1296 πόλεως
651 1235 922 1304 ὁρώμενοι
983 1232 1073 1287 καὶ
1128 1235 1299 1302 κάλλη
1358 1243 1496 1287 νεῶν
1550 1232 1639 1287 καὶ
1701 1238 1918 1303 πλῆθος

226 1322 599 1391 ἀναθημάτων
637 1321 728 1375 καὶ
777 1331 1026 1391 συνεχεῖς
1076 1324 1273 1375 θυσίαι
1312 1320 1402 1375 καὶ
1445 1324 1782 1391 πανηγύρεις
1822 1338 1918 1375 συ-

226 1410 350 1480 χναὶ
390 1412 481 1464 καὶ
520 1410 844 1482 τεταγμένος
885 1410 1117 1465 ἑκάστου
1149 1414 1366 1481 χρόνος,
1406 1419 1577 1464 ταῦτα
1609 1412 1714 1481 γὰρ
1755 1412 1914 1465 ἀκού·

226 1520 311 1552 ειν
351 1499 500 1569 ἐνῆν,
540 1499 631 1553 καὶ
671 1502 902 1570 μαντικὴ
943 1503 1121 1570 τίμιος
1169 1501 1271 1553 οὐκ
1319 1500 1462 1552 ἐῶσα
1507 1501 1568 1553 τὸ
1616 1499 1818 1570 μέλλον
1859 1500 1919 1553 ἐν

227 1588 409 1661 ἀδήλῳ
463 1594 684 1642 κεῖσθαι
739 1587 830 1642 καὶ
885 1589 1023 1652 ὅλως
1077 1589 1142 1641 τὰ
1195 1590 1364 1642 πλείω
1420 1590 1558 1658 πρὸς
1597 1587 1919 1657 Ἑλληνικὸν

226 1677 575 1746 ἁμιλλώμενα
613 1681 838 1746 κόσμον,
878 1676 1178 1746 ἐκκλησίαι,
1219 1678 1463 1748 ῥήτορες,
1506 1679 1568 1730 τὸ
1609 1680 1784 1747 βουλῇ
1816 1679 1918 1747 χώ·

227 1772 331 1835 ραν
372 1762 529 1836 εἶναι,
566 1767 628 1818 τὸ
663 1766 844 1834 λέγειν
876 1767 954 1828 εἰς
981 1766 1156 1833 ’μέσον
1189 1766 1405 1834 ἐξεῖναι,
1445 1767 1505 1818 τὸ
1537 1767 1610 1835 μὴ
1643 1774 1718 1837 τῷ
1750 1772 1918 1838 θυμῷ

226 1854 394 1907 πλέον
434 1853 465 1921 ἢ
505 1861 579 1926 τῷ
628 1856 821 1927 δικαίῳ
877 1856 1155 1908 δεδόσθαι.
1216 1857 1347 1917 τοὺς
1399 1852 1501 1924 μὲν
1555 1856 1660 1923 γὰρ
1717 1856 1918 1916 ἄλλους

347 2021 398 2058 11
434 2015 486 2059 11.
520 2011 663 2072 7'207
709 2018 714 2072 Ι
755 2015 808 2059 11.
842 2019 871 2060 ὃ
901 2020 979 2068 48;
1014 2033 1048 2059 ω
1083 2019 1136 2059 69
1292 2021 1344 2058 12
1386 2015 1514 2059 Dem.
1549 2030 1593 2071 p.
1622 2019 1691 2069 35,
1714 2020 1766 2058 15

229 2080 281 2118 13
315 2074 366 2119 ΙΙ.
399 2078 424 2126 ζ
453 2079 508 2118 88
542 2076 589 2118 et
614 2079 697 2118 269
717 2089 783 2131 sq.
910 2080 962 2118 15
995 2074 1046 2117 Π.
1073 2091 1103 2130 μι
1129 2078 1296 2130 soosq.
1422 2079 1474 2116 17
1507 2074 1558 2118 11.
1585 2092 1611 2131 y
1638 2079 1745 2127 2093
1778 2092 1804 2130 η
1833 2079 1916 2117 345

348 2227 370 2265 1
404 2239 511 2266 τινα
542 2237 617 2266 om
642 2223 745 2266 HV
773 2222 855 2266 sed
878 2221 928 2264 in
958 2222 1047 2266 hoc
1072 2236 1287 2277 suprascr
1318 2221 1400 2276 111²,
1429 2222 1527 2267 GM
1535 2223 1591 2265 Vi
1617 2222 1623 2279 Ι
1650 2221 1731 2265 τὸν
1764 2221 1834 2264 bis
1861 2223 1923 2265 M

232 2297 235 2339 g
273 2282 418 2325 αὑτοῦ
451 2281 613 2337 scripsi
676 2282 819 2326 αὐτὸν
852 2283 927 2326 Ρα
959 2282 1040 2325 sed
1077 2282 1220 2325 αὐτοῦ
1261 2295 1477 2337 suprascr
1506 2281 1576 2324 m²
1637 2281 1781 2324 αὐτοῦ
1813 2279 1919 2323 reli—

229 2341 309 2396 qui
340 2340 451 2384 libri
483 2340 574 2383 edd
718 2345 743 2383 2
779 2339 999 2391 ἐναντίως
1029 2341 1154 2384 inser
1187 2340 1299 2385 Ma²
1327 2343 1332 2396 Ι
1360 2340 1523 2384 κοινὸν
1555 2342 1628 2384 Pa
1659 2340 1738 2383 sed
1776 2346 1918 2384 κοινῶ

230 2413 445 2455 suprascr
468 2399 538 2443 m²
660 2404 685 2443 3
718 2400 801 2456 μὲν
826 2402 934 2456 post
956 2397 1136 2444 πόλεων
1169 2413 1193 2443 e
1219 2399 1309 2444 Par
1332 2404 1446 2443 3017
1479 2399 1604 2442 inser
1635 2399 1739 2442 coni
1764 2397 1920 2442 Gasda

349 2465 374 2501 5
407 2459 527 2514 ὑμᾶς
559 2458 655 2502 Pa2
776 2462 801 2501 6
833 2460 1089 2517 πρεσβειῶν
1122 2459 1183 2501 M
1211 2458 1279 2502 Re
1413 2463 1436 2501 7
1469 2456 1813 2513 προσεδέξασθε
1846 2458 1919 2500 Pa

229 2517 311 2560 sed
334 2516 638 2572 προσήκασθε
662 2521 878 2573 suprascr
901 2518 970 2560 m²
1093 2522 1116 2560 9
1143 2517 1366 2570 ἐδέξασθε
1386 2518 1441 2560 H
1450 2517 1637 2562 VGBM
1646 2517 1700 2559 Vi
1727 2519 1732 2572 Ι
1759 2515 1921 2571 πράως

229 2577 496 2621 HViMaoz
519 2577 620 2620 Mor
646 2579 652 2632 Ι
681 2576 739 2633 δὴ
773 2578 829 2620 Vi
856 2579 862 2632 Ι
890 2574 1081 2629 ξενίζετε
1107 2578 1164 2621 H
1169 2577 1305 2621 VCM
1317 2577 1373 2620 Vi
1396 2575 1498 2619 Mor
1620 2580 1673 2620 10
1707 2575 1834 2633 [γὰρ]
1867 2574 1919 2618 δὲ

232 2636 320 2679 Ma
348 2636 353 2690 Ι
381 2642 468 2678 νῦν
502 2648 575 2678 om
600 2636 796 2681 BMacz
856 2632 940 2679 οὖν
972 2637 1046 2680 Ρα
1079 2637 1125 2679 etz
1149 2653 1203 2692 γρ
1229 2635 1278 2678 in
1300 2648 1435 2692 marg
1458 2634 1559 2678 Mor
1587 2636 1593 2690 Ι
1620 2634 1844 2690 ἡμετέραν
1867 2633 1925 2676 Η

268 2708 447 2738 comma
470 2695 578 2750 post
600 2695 771 2749 πρᾶξιν
788 2694 878 2738 edd
941 2693 1093 2738 delevi
1217 2699 1267 2737 11
1295 2695 1438 2752 βαβαὶ
1456 2694 1603 2738 ΜαΟΖ
1723 2697 1776 2736 12
1804 2692 1919 2747 ὁρώ-

230 2769 346 2808 μενα
381 2753 432 2798 Ol
494 2767 569 2797 om
603 2754 692 2796 Ma
726 2755 732 2810 Ι
767 2754 848 2797 καὶ
879 2767 955 2797 om
988 2754 1132 2798 Mace
1159 2754 1164 2810 Ι
1193 2761 1321 2797 ναῶν
1355 2752 1499 2798 MaCz
1533 2754 1538 2808 Ι
1577 2751 1743 2801 κάλλος
1775 2751 1920 2795 Maol

234 2817 286 2854 14
321 2811 432 2867 ἐνῆν
464 2811 656 2856 ἀκούειν
689 2813 762 2856 Ρα
794 2812 896 2856 Mor
1018 2816 1070 2854 17
1105 2808 1348 2867 ἁμιλλᾶται
1388 2812 1445 2855 Vi
1476 2812 1523 2855 et
1556 2824 1695 2867 supra
1726 2809 1919 2866 ἁμιλλώ-

229 2886 345 2926 μενα
379 2869 435 2915 0²
461 2872 469 2926 Ι
497 2869 732 2927 ἐκκλησίαι
764 2870 929 2927 scripsi
990 2869 1205 2926 ἐκκλησία
1238 2870 1348 2913 libri
1380 2870 1471 2915 edd
1507 2873 1512 2926 Ι
1547 2877 1602 2927 τῇ
1635 2871 1743 2912 anfie
1776 2870 1916 2926 βουλῇ

231 2930 304 2973 Ρα
429 2933 480 2972 19
515 2927 738 2973 δίδοσθαι
771 2931 882 2974 ΒΜ
890 2930 1094 2974 17than
1125 2930 1192 2973 Re
