2054 3192
569 136 798 180 LIBANII
827 135 1131 180 APOLOGIA
1165 134 1449 180 SOCRATIS
1781 136 1851 188 29

153 263 230 347 τῷ
249 271 307 327 δὲ
334 275 478 344 λόγῳ
504 280 599 340 τῆς
624 270 881 342 ἐργασίας
906 270 1216 339 ἀγανακτεῖ,
1233 269 1324 324 καὶ
1349 272 1410 324 τὸ
1437 268 1538 340 μὲν
1563 268 1728 338 ἔργον
1753 270 1853 323 οὐκ

155 365 375 433 ἔφευγε,
417 363 767 431 δυσχεραίνει
807 361 869 413 δὲ
911 360 972 412 τὸ
1010 360 1170 429 ῥῆμα.
1233 359 1319 412 27.
1343 359 1502 428 ὑμῶν
1535 356 1595 412 δὲ
1629 357 1854 421 ἕκαστος

156 452 421 513 πολλάκις
450 450 718 518 μέμνηται
748 458 843 518 τῆς
875 448 1050 502 αὑτοῦ
1082 447 1275 517 τέχνης
1305 446 1396 500 καὶ
1427 450 1564 517 πρός
1597 467 1659 516 γε
1692 449 1855 517 χάριν

155 536 273 594 οἶδε
313 547 408 607 τῆς
447 537 537 592 ἀπ’
586 539 753 606 αὐτῆς
792 538 1097 607 προσόδου,
1137 535 1253 590 ἐπεὶ
1294 537 1385 590 καὶ
1426 537 1590 599 αὐτὸς
1626 537 1854 600 Σωκρά-

153 648 251 696 της
281 627 545 690 πολλάκις
576 626 647 679 ἂν
678 626 848 679 εἰπὼν
878 627 977 679 τὸν
1009 626 1180 680 αὑτοῦ
1213 624 1420 695 πατέρα
1446 629 1854 694 Σωφρονίσκον
1900 648 1919 679 5

154 715 506 785 προσέθηκεν
545 714 615 768 ἂν
653 714 744 768 καὶ
783 716 850 768 τὰ
888 713 1013 785 περὶ
1053 717 1184 777 τοὺς
1225 716 1424 777 λίθους
1469 715 1559 767 καὶ
1606 715 1708 783 τὴν
1758 721 1854 782 τῆς

154 806 360 874 μητρὸς
400 805 502 857 οὐκ
542 803 914 874 ἀπεκρύπτετο
954 802 1166 874 τέχνην.
1243 803 1329 856 28.
1364 797 1406 875 ᾧ
1444 805 1616 871 δῆλον
1647 803 1720 865 ὡς
1752 802 1853 856 οὐκ

157 892 239 963 ἐφ’
291 894 450 964 ὕβρει
503 894 599 955 τὰς
653 902 764 946 τῶν
818 894 1003 946 ἄλλων
1056 891 1393 961 παρέφερεν,
1451 890 1560 944 ἀλλ’
1610 891 1757 954 ὅπως
1799 893 1852 945 οἱ

156 983 411 1051 διάλογοι
457 983 522 1035 τὰ
569 982 755 1035 αὑτῶν
801 982 1137 1051 λαμβάνοιεν
1182 979 1273 1034 καὶ
1320 979 1492 1052 μηδὲν
1546 990 1659 1033 τῶν
1705 980 1853 1049 ὀφει-

155 1074 372 1125 λόντων
412 1072 670 1140 εἰρῆσθαι
712 1077 926 1143 σιγῷτο.
968 1071 1060 1123 διὰ
1097 1078 1262 1123 τοῦτο
1303 1068 1714 1137 Ἀπολλόδωρος
1752 1066 1853 1138 μὲν
1879 1093 1920 1124 10

157 1162 326 1229 ἤκουε
363 1157 551 1231 πρᾴως
589 1161 680 1213 καὶ
717 1160 1079 1227 Ξενοκλείδης
1111 1158 1178 1212 οὐ
1211 1158 1528 1229 γέγραπται,
1567 1159 1742 1225 μόνου
1776 1157 1853 1225 δέ,

156 1251 231 1312 ὡς
276 1247 482 1318 ἔοικεν,
528 1248 754 1302 Ἀνύτου
806 1249 1060 1318 καθάπερ
1107 1248 1388 1316 τυράννου
1435 1248 1706 1300 κίνδυνον
1742 1244 1854 1316 ἔχει

155 1345 475 1407 μνησθῆναι
515 1337 606 1391 καὶ
648 1338 682 1391 ἃ
712 1349 894 1392 ποιεῖν
932 1338 1108 1409 τούτῳ
1143 1336 1414 1404 δέδοκται,
1453 1344 1625 1389 ταῦτα
1664 1335 1852 1389 οὐδενὶ

157 1428 568 1496 συγκεχώρηται
609 1426 805 1495 λέγειν.

308 1517 395 1569 29.
428 1514 589 1584 Ἀλλ’,
631 1517 762 1586 ὅπερ
803 1513 963 1585 ἔφην,
1002 1514 1194 1584 μηδεὶς
1241 1514 1446 1568 οἰέσθω
1493 1522 1696 1568 τοῦτον
1746 1514 1850 1568 άπὸ
1877 1535 1918 1568 15

156 1613 253 1674 τῆς
291 1607 428 1675 πρὸς
466 1605 610 1674 ὑμᾶς
649 1605 868 1668 εὐνοίας
909 1605 1000 1658 καὶ
1046 1612 1145 1657 τοῦ
1184 1605 1287 1673 τὴν
1326 1605 1522 1673 λύμην,
1561 1604 1595 1672 ἢ
1635 1607 1853 1673 χείρους

148 1703 304 1747 ,ποιεῖ
327 1697 456 1756 τοὺς
478 1693 776 1762 ὑμετέρους
808 1695 1024 1761 παῖδας,
1057 1692 1276 1746 ἐθέλειν
1303 1691 1505 1756 ἐξελεῖν
1540 1691 1546 1763 Ι
1583 1691 1670 1751 ἐπὶ
1746 1697 1938 1741 RH111

156 1791 360 1836 τοῦτον
398 1783 555 1851 ἥκειν
592 1783 690 1835 τὸν
730 1782 931 1851 ἀγῶνα.
972 1784 1022 1835 εί
1056 1784 1158 1852 γὰρ
1194 1783 1493 1851 Σωκράτης
1523 1780 1851 1851 ὑπερέβαινε

277 1962 303 2001 3
336 1957 398 2000 cf.
422 1957 482 2000 ad
507 1959 540 2000 t.
565 1957 627 2000 ΠΙ
653 1962 753 2010 344,
772 1961 827 2000 23
959 1963 984 2001 6
1007 1957 1125 2002 Plat.
1153 1957 1357 2014 Euthyd.
1382 1972 1429 2014 p.
1455 1961 1539 2000 297
1557 1956 1594 1999 Ε
1613 1970 1679 2012 sq.
1714 1955 1849 2013 Diog.

157 2017 207 2061 L.
231 2016 274 2060 Π
298 2021 339 2071 5,
360 2020 413 2060 18
523 2021 546 2059 7
573 2015 690 2060 Plat.
716 2016 908 2061 Theaet.
932 2031 978 2073 p.
1006 2021 1089 2060 149
1107 2017 1147 2060 A
1256 2020 1310 2060 10
1334 2017 1455 2060 Plat.
1482 2029 1609 2060 conv.
1634 2031 1678 2073 p.
1708 2019 1791 2059 173
1809 2015 1848 2058 D

156 2075 216 2120 cf.
242 2075 469 2120 Kirchner
498 2089 684 2132 prosop.
709 2076 806 2119 Att.
831 2076 853 2119 I
879 2081 961 2120 102
1085 2080 1140 2120 15
1173 2076 1230 2119 cf.
1263 2091 1308 2132 p.
1339 2080 1410 2132 20,
1430 2081 1483 2119 12

279 2243 301 2281 1
331 2238 411 2282 καὶ
436 2265 490 2270 -
517 2243 542 2281 2
569 2234 693 2294 ῥῆμα
718 2237 996 2282 cancellavit
1019 2238 1123 2297 Rog
1229 2243 1254 2282 2
1281 2237 1444 2295 ἔφευγε
1469 2237 1635 2294 scripsi
1659 2239 1848 2281 auctore

156 2297 340 2341 Sinteni
403 2296 543 2354 ἔφυγε
577 2296 687 2341 libri
719 2298 810 2340 edd
838 2300 844 2351 Ι
872 2298 1000 2354 ὑμῶν
1033 2297 1199 2354 scripsi
1232 2311 1256 2341 e
1281 2297 1414 2341 libris
1476 2296 1605 2352 ἡμῶν
1637 2296 1729 2341 edd

157 2361 183 2400 3
218 2357 361 2400 αὑτοῦ
394 2356 559 2412 scripsi
591 2370 646 2400 ex
688 2357 851 2401 UVaB
884 2371 989 2400 cum
1020 2357 1123 2414 Rog
1185 2358 1330 2401 αὐτοῦ
1366 2355 1551 2400 MaAth
1581 2356 1682 2399 Mor
1698 2355 1765 2399 Re

156 2421 184 2458 4
217 2411 345 2461 οἶδεν
378 2416 467 2459 Μα
618 2421 643 2460 5
676 2416 884 2460 ἀνειπὼν
916 2416 1020 2460 coni
1051 2416 1256 2460 Sintenis
1307 2418 1314 2472 Ι
1364 2416 1507 2459 αὑτοῦ
1545 2414 1709 2471 scripsi
1742 2429 1847 2459 cum

155 2474 260 2531 Rog
320 2481 464 2519 αυτοῦ
508 2475 552 2520 U
629 2475 772 2519 αὐτοῦ
820 2475 991 2531 reliqui
1035 2475 1146 2518 libri
1185 2474 1286 2519 Mor
1302 2475 1370 2519 Re
1514 2479 1539 2518 6
1578 2472 1846 2529 προσέθηκε

156 2533 260 2590 Rog
286 2535 292 2589 Ι
321 2531 380 2577 ἂν
412 2533 489 2577 del
519 2534 624 2591 Rog
650 2535 656 2590 Ι
683 2535 764 2578 καὶ
782 2536 842 2591 (1)
874 2534 1050 2578 inserui
1081 2547 1137 2578 ex
1169 2535 1341 2578 AthVa
1374 2547 1477 2577 cum
1506 2533 1609 2590 Rog
1670 2547 1746 2577 om
1775 2547 1847 2576 re—

155 2591 275 2648 liqui
306 2591 416 2636 libri
446 2592 550 2636 Mor
565 2593 633 2637 Re
756 2597 779 2636 7
813 2593 1098 2638 ἀπεκόπτετο
1126 2596 1215 2638 Μα
1335 2597 1362 2636 8
1393 2592 1476 2643 τὰς
1507 2592 1682 2636 inserui
1706 2605 1731 2635 e
1759 2594 1847 2636 Ma

147 2651 330 2696 UVaB
347 2665 452 2695 cum
467 2651 571 2709 Rog
632 2665 708 2696 om
724 2654 818 2696 Ath
834 2652 935 2696 Mor
950 2652 1018 2696 Rc
1122 2657 1147 2696 9
1167 2653 1320 2696 αὑτῶν
1337 2651 1503 2708 scripsi
1564 2651 1719 2695 αὐτῶν
1736 2650 1846 2694 libri

155 2709 247 2753 edd
340 2715 394 2754 10
411 2712 628 2755 διατοῦτο
641 2712 776 2755 ΜαΒ
870 2717 922 2755 11
939 2713 1172 2767 Ξενοκλῆς
1189 2711 1469 2755 archibectus
1479 2710 1617 2766 (Plut.
1628 2710 1728 2753 Per.
1742 2712 1813 2766 13)
1825 2715 1845 2753 ⁸?

159 2768 165 2826 Ι
194 2769 248 2813 οὐ
267 2769 433 2826 scripsi
450 2782 506 2813 cx
529 2770 573 2815 U
591 2772 779 2814 aucssore
796 2770 864 2813 Re
889 2785 995 2814 cum
1013 2770 1117 2827 Rog
1178 2767 1233 2814 οὗ
1249 2770 1420 2826 reliqui
1437 2769 1547 2812 libri
1563 2769 1665 2813 Mor
1681 2769 1748 2812 Re

158 2831 212 2870 13
246 2826 463 2872 δέδοκται
487 2828 652 2885 scripsi
678 2842 702 2872 e
729 2831 818 2874 Ma
841 2831 890 2873 et
911 2829 1003 2873 Par
1026 2833 1140 2874 3017
1167 2831 1355 2873 auctore
1373 2828 1530 2873 Gasda
1554 2842 1660 2872 cum
1683 2829 1785 2885 Rog

151 2884 524 2942 efflorui-aliqui
536 2887 646 2931 libri
658 2888 838 2933 MorRe
864 2891 871 2944 Ι
899 2886 950 2933 δὲ
964 2890 1072 2932 ante
1086 2889 1244 2933 οὐδενὶ
1256 2890 1346 2933 Μα
1437 2892 1491 2932 16
1502 2887 1648 2943 λύμην
1660 2889 1749 2931 Μα
1763 2887 1844 2930 sed

153 2947 177 2987 λ
201 2944 251 2988 in
274 2958 349 2988 ras
374 2945 444 2988 m'
552 2951 603 2990 17
632 2946 837 2999 ἐξελθεῖν
858 2949 944 2992 Μα
957 2948 1072 2991 VaB
1181 2951 1235 2990 18
1261 2945 1391 3003 ἥκειν
1411 2949 1498 2991 Ma
1512 2946 1594 2991 sed
1611 2963 1638 2990 ν
1657 2945 1751 2989 add
1774 2945 1845 2988 m²
