2026 3192
915 411 981 465 V.

211 550 374 618 Πρὸς
396 549 499 600 τὸν
518 546 839 609 Ὀδυσσέως
864 548 924 598 ἐν
948 543 1218 616 Annis-1)
1236 547 1664 613 πρεσβευτικὸν
1688 546 1789 597 ἄν·

99 625 330 691 τιλογία
359 620 662 690 Ἀχιλλέως
701 641 799 687 qua
837 624 1075 673 Libanius
1115 624 1403 673 adversatus
1435 623 1648 672 Aristidi
1681 626 1716 671 t.
1740 623 1792 671 H

98 718 147 764 p.
193 701 484 749 584—608
538 699 610 748 ed.
665 699 813 746 Dind.
868 699 1135 747 secundm
1186 698 1459 746 Homerum
1511 698 1565 745 in
1615 697 1790 745 Iliadis

98 791 230 823 nono
275 791 321 823 v.
356 775 460 822 307
489 789 559 836 sq.
599 773 847 822 Achillem
891 773 1186 835 respondere
1231 773 1355 822 facit
1404 772 1466 819 ad
1517 773 1791 820 orationem

100 864 199 912 qua
229 848 400 897 Ulixes
430 848 561 896 hunc
591 848 948 910 imploraverat
985 850 1043 895 ut
1080 849 1156 894 ira
1188 847 1469 907 desisteret,
1507 845 1792 908 posteritati

98 939 199 972 non
251 924 415 971 minus
470 923 615 985 grata
668 922 766 969 fuit
813 937 963 984 quam
1010 921 1094 984 qui
1142 923 1510 969 antecesserunt
1555 920 1791 985 πρεσβευ-

98 994 223 1046 τικοὶ
269 993 392 1061 ὑπὲρ
445 1003 534 1060 τῆς
571 990 777 1060 Ἑλένης
820 994 1054 1045 Μενέλεω
1102 997 1152 1044 et
1192 989 1477 1053 Ὀδυσσέως.
1545 994 1790 1042 Maximus

100 1071 256 1135 igitur
296 1073 371 1119 est
409 1086 644 1118 numerus
685 1070 909 1119 codicum
948 1070 1126 1132 quibus
1167 1070 1229 1117 ad
1267 1070 1396 1117 hanc
1435 1071 1653 1117 aetatem
1682 1084 1790 1131 per-

0 1174 3 1175 ν
98 1147 355 1195 venerunt.
420 1144 548 1192 Sunt
579 1160 680 1193 non
708 1144 872 1193 minus
907 1145 989 1193 76.
1051 1144 1226 1206 Neque
1259 1144 1391 1191 enim
1430 1144 1589 1191 solum
1629 1142 1791 1190 decla-

97 1220 252 1268 matio
283 1219 538 1268 Aristidea
568 1219 622 1267 in
653 1234 828 1281 corpus
852 1218 1199 1279 Libanianum‚
1232 1217 1317 1266 sed
1340 1219 1491 1266 etiam
1514 1216 1792 1265 Libaniana

97 1294 151 1341 in
182 1309 360 1356 corpus
384 1293 692 1342 Aristideum
714 1295 916 1355 recepta
940 1295 1026 1341 est.
1037 1286 1082 1360 2)
1146 1292 1281 1350 Quae
1304 1307 1382 1340 res
1408 1293 1561 1340 etiam
1590 1292 1643 1339 in
1666 1292 1790 1338 titu-

3 1415 5 1417 ,
98 1368 204 1416 lum
233 1370 524 1430 textumque
557 1367 931 1416 declamationis
962 1367 1065 1416 vim
1098 1367 1288 1415 habuit.
1351 1366 1470 1414 Tria
1507 1382 1624 1414 vero
1667 1381 1791 1428 quae

0 1488 1 1497 ἶ
99 1442 239 1490 illinc
262 1442 470 1490 evadere
494 1441 728 1490 videntur
751 1457 933 1505 genera
956 1441 1194 1502 codicum,
1218 1440 1610 1489 Libanianorum
1631 1455 1790 1488 mero-

0 1533 3 1575 ;
98 1533 223 1577 rum,
246 1516 637 1564 Libanianorum
652 1515 905 1564 Aristidea
930 1515 1290 1563 declamatione
1314 1516 1587 1575 auctorum,
1611 1513 1789 1562 Aristi·

100 1590 301 1638 deorum
334 1590 692 1639 declamatione
724 1589 1003 1638 Libaniana
1035 1592 1311 1649 auctorum,
1341 1605 1440 1637 non
1470 1605 1609 1637 mera
1639 1588 1789 1636 exsis-

0 1688 6 1723 ψ
97 1667 226 1726 tunt,
258 1665 345 1712 sed
381 1666 539 1712 mixta
574 1665 917 1713 multifariam.
971 1664 1047 1712 Ac
1074 1680 1136 1712 ne
1165 1664 1257 1712 illa
1290 1663 1489 1726 quidem
1519 1664 1574 1711 in
1601 1662 1791 1711 codices

0 1775 2 1798 2
99 1739 394 1801 corporaleS,
427 1739 721 1802 eclogam-ios,
761 1739 1013 1787 solitarios
1051 1739 1313 1801 tripartita
1352 1738 1529 1787 divisio
1563 1737 1627 1785 ad
1658 1735 1790 1785 codi-

0 1819 3 1878 ᾖ
99 1827 210 1861 cum
233 1814 524 1861 memoriam
555 1813 925 1861 describendam
957 1812 1078 1861 satis
1109 1813 1288 1861 idonea
1319 1815 1407 1860 est.
1468 1811 1600 1859 Nam
1630 1812 1685 1859 in
1714 1810 1791 1858 his

3 1903 5 1905 ’
98 1886 308 1951 singulis
333 1887 493 1936 tribus
524 1887 785 1950 generibus
816 1889 1142 1935 numerantur
1172 1886 1363 1936 codices
1392 1887 1542 1949 plane
1570 1885 1791 1933 diversae

3 2014 4 2017 Ἴ
99 1961 320 2024 originis.
381 1961 638 2009 Meliorem
669 1961 733 2009 ad
746 1961 987 2010 'codicum
1019 1976 1201 2025 genera
1238 1960 1590 2025 distinguenda
1621 1974 1792 2008 ansam

0 2099 2 2110 ,
98 2034 302 2097 praebet
331 2035 470 2083 tituli
502 2035 776 2084 diversitas.
790 2029 831 2101 3)

209 2108 284 2158 Ac
314 2111 532 2171 primum
564 2109 764 2171 quidem
794 2109 999 2157 titulum

0 2171 5 2238 ᾗ
100 2180 260 2248 Πρὸς
312 2180 413 2231 τὸν
467 2180 764 2242 ὀδυσσέως
810 2182 871 2232 ἐν
925 2186 1112 2242 λιταῖς
1160 2175 1590 2248 πρεσβευτικᾶν
1633 2179 1791 2231 ἄντι-

210 2256 380 2322 λογία
411 2254 689 2322 ἆχιλλέως

0 2336 7 2386 '2
103 2330 337 2378 exhibent
369 2331 557 2380 codices
591 2332 893 2394 corporales:

213 2408 260 2452 1.
291 2404 887 2468 Hierosolymitanus
920 2405 968 2453 S.
1003 2404 1281 2468 Sepulcri
1316 2399 1535 2472 107j(=
1558 2405 1631 2468 H)
1664 2420 1791 2453 saec.

0 2455 3 2459 ’
98 2477 215 2525 XIV
248 2478 331 2526 fol.
361 2479 443 2526 13.
505 2478 633 2527 Vide
665 2495 817 2543 supra
846 2497 893 2542 p.
923 2480 1028 2529 150
1046 2494 1117 2541 sq.
1183 2479 1396 2528 Contuli.

221 2606 263 2660 1)
298 2603 362 2648 Cf.
398 2604 517 2649 Plat.
551 2604 672 2650 Crat.
704 2620 750 2662 p.
776 2610 862 2650 428
878 2605 930 2648 Β.

220 2665 265 2720 2)
298 2662 524 2708 Similiter
555 2665 813 2709 orationem
843 2663 959 2720 ὑπὲρ
983 2671 1075 2708 τῶν
1101 2664 1333 2723 ὀρχηστῶν
1364 2664 1415 2707 in
1439 2678 1604 2721 corpus
1628 2664 1790 2708 Lucia—

101 2733 241 2765 neum
278 2723 520 2767 transiisse
552 2726 584 2767 t.
610 2723 675 2767 IV
705 2739 750 2780 p.
776 2729 863 2767 415
880 2738 947 2779 sq.
982 2724 1118 2768 docui
1158 2726 1205 2768 et
1242 2723 1448 2768 Patrocli
1488 2723 1790 2768 declamatio-

101 2792 207 2823 nem
247 2780 572 2896 (ghgricignam
617 2783 666 2826 in
714 2796 879 2839 corpus
925 2783 1238 2827 Libanianum
1276 2783 1523 2828 transiisse
1555 2782 1680 2826 infra
1715 2782 1789 2839 (cf.

101 2852 147 2894 p.
173 2843 256 2883 361
345 2854 425 2885 oce
461 2854 501 2885 o.

221 2900 266 2955 3)
313 2899 524 2944 Eandem
569 2900 799 2945 rationem
848 2901 899 2944 in
950 2900 1172 2944 monodia
1225 2901 1283 2944 de
1335 2900 1513 2957 templo
1558 2899 1790 2957 Apollinis

102 2953 357 3012 Daphnaeo
387 2961 421 3002 t.
445 2958 510 3003 1V
539 2974 585 3016 p.
611 2963 694 3003 301
714 2974 780 3015 sq.
814 2960 964 3004 secuti
995 2974 1167 3004 sumus.
