2054 3192
248 137 323 189 20
740 136 965 180 LlBANH
996 135 1387 181 DECLAMATIO
1416 136 1441 179 Ι

247 272 456 326 ἁλῶναι
496 273 585 324 καὶ
625 280 720 341 τῆς
760 272 1016 338 οὐδαμῶς
1056 270 1365 340 δυναμένης
1405 271 1736 340 ἐλεγχθῆναι
1773 288 1941 340 πονη-

250 362 371 431 ρίας
411 360 700 429 οἰομένους
748 362 908 430 δίκην
949 362 1252 429 λαμβάνειν
1292 361 1494 423 αὐτοὺς
1535 360 1596 414 ἐν
1634 369 1750 423 τοῖς
1790 360 1941 429 ὀφεί-

250 454 413 502 λουσι
452 459 567 512 τοῖς
605 451 878 518 κρείττοσι
918 451 1078 518 δίκην
1117 449 1397 518 γενέσθαι.

365 539 447 590 12.
491 537 632 607 Περὶ
670 539 773 607 μὲν
812 535 917 592 οὖν
955 546 1055 591 τοῦ
1094 540 1166 608 μὴ
1208 540 1353 606 δεῖν,
1402 543 1455 590 εἴ
1488 557 1571 600 τις
1617 538 1774 607 ὑμῶν
1813 536 1943 606 ἀγα-

205 649 225 682 5
249 636 467 680 νακτῶν
506 627 564 679 ἐκ
603 636 715 680 τῶν
755 630 1070 696 ἔμπροσθεν
1108 628 1283 699 τούτῳ
1325 627 1463 696 πρὸς
1502 626 1684 689 ε’νίους
1723 645 1943 695 γεγενη-

249 714 434 783 μένων
466 718 649 784 λόγων
681 714 831 784 δεῦρ’
873 717 1217 784 εἰσελήλυθε,
1256 724 1419 769 τοῦτο
1465 715 1836 783 ἀναμιγνύναι
1878 723 1943 784 τῇ

250 806 502 875 παρούσῃ
542 807 720 873 κρίσει
751 805 842 857 καὶ
889 813 988 857 τοῦ
1037 806 1156 858 δεῖν
1195 804 1575 874 μεμνημένους
1624 813 1737 856 τῶν
1774 809 1945 871 θεῶν,

252 893 350 956 οὓς
382 894 725 960 ὀμωμοκότες
763 894 936 962 ἥκετε,
974 898 1076 961 τήν
1114 913 1171 946 τε
1211 894 1477 963 ἀκρόασιν
1518 893 1735 945 ἅπασαν
1774 900 1945 945 ποιεῖ-

253 987 389 1035 σθαι
429 982 522 1034 καὶ
560 983 661 1050 τὴν
701 983 1008 1051 διάγνωσιν
1040 982 1173 1051 ε’νῆν
1211 983 1312 1050 μὲν
1350 985 1518 1035 πλείω
1555 980 1753 1049 λέγειν,
1793 976 1944 1047 οἶμαι

186 1094 229 1126 10
255 1068 315 1124 δὲ
367 1071 535 1124 οὐδὲν
582 1073 804 1124 δεῖσθαι
859 1072 989 1134 τούς
1042 1091 1104 1139 γε
1152 1069 1213 1126 εὖ
1262 1078 1612 1140 φρονοῦντας
1657 1071 1945 1123 πλειόνων.

368 1159 453 1213 13.
478 1158 626 1228 ”Ηδη
668 1160 728 1213 δὲ
759 1160 902 1229 ὑμᾶς
934 1159 1155 1229 διδάξω,
1195 1163 1375 1214 πόθεν
1413 1156 1544 1212 ποτὲ
1570 1157 1795 1221 Ἄνυτος
1827 1156 1946 1210 ε’πέ-

251 1254 384 1302 θετο
426 1249 712 1318 Σωκράτει
752 1249 843 1302 καὶ
884 1250 956 1312 ὡς
996 1249 1097 1303 οὐκ
1138 1247 1197 1302 ἐκ
1235 1257 1331 1318 τῆς
1368 1250 1506 1317 πρὸς
1544 1248 1686 1317 ὑμᾶς
1726 1247 1946 1309 εὐνοίας

253 1336 373 1390 οὐδ’
421 1333 489 1389 αὖ
532 1339 844 1406 φροντίζων
889 1347 986 1407 τῆς
1032 1349 1143 1391 τῶν
1188 1337 1470 1407 ὑμετέρων
1516 1338 1731 1389 παίδων
1781 1335 1944 1388 ε’πιει-

251 1427 416 1494 κείας,
457 1424 568 1479 ἀλλ’
615 1425 903 1494 ἑτέρωθεν.
945 1429 1303 1495 διορίσασθαι
1338 1426 1416 1495 δέ,
1448 1423 1490 1479 ὦ
1522 1424 1822 1493 Ἀθηναῖοι,
1853 1422 1946 1476 καὶ

187 1537 230 1570 15
255 1515 420 1577 αὐτὸς
444 1515 625 1585 ὥσπερ
651 1514 742 1568 καὶ
769 1511 930 1578 οὗτος
954 1517 1242 1585 βούλομαι.
1282 1515 1379 1569 ἐὰν
1402 1513 1530 1583 (δ’)
1555 1512 1804 1577 ἐπιδείξω
1824 1517 1946 1565 Σω-

250 1604 457 1673 κράτην
490 1603 680 1657 οὐδενὶ
713 1606 930 1659 πώποτε
974 1605 1309 1659 διδάσκαλον
1349 1606 1650 1673 γενόμενον
1682 1599 1793 1684 οὔτῖ
1829 1601 1947 1654 ἀδί-

374 1754 427 1793 12
470 1748 527 1792 cf.
567 1764 610 1805 p.
647 1754 899 1806 29‚15sq.;
949 1735 1077 1805 30‚'3.
1140 1751 1261 1795 Plat.
1303 1750 1424 1806 apol.
1467 1765 1512 1805 p.
1547 1748 1654 1792 240
1792 1752 1846 1790 13
1887 1747 1944 1791 of.

250 1823 295 1864 p.
321 1812 392 1864 31,
412 1813 464 1851 17
484 1821 550 1864 sq.
584 1808 702 1852 Plat.
731 1810 852 1866 apol.
885 1825 930 1867 p.
957 1815 1013 1853 25
1033 1810 1088 1865 G3
1122 1815 1177 1854 26
1196 1810 1236 1854 A
1254 1824 1319 1866 sq.
1446 1813 1499 1852 16
1535 1822 1602 1863 sq.
1629 1807 1744 1851 Xen.
1779 1820 1941 1851 comm.

250 1867 272 1910 I
303 1871 343 1922 2,
363 1872 418 1911 62
438 1882 527 1923 sq.;
562 1868 683 1924 apol.
719 1873 743 1922 ξ
777 1874 832 1912 25

254 2044 259 2049 .
373 2005 395 2043 1
424 2001 634 2057 οὐδαμοῦ
668 2002 785 2046 UVa
808 2002 913 2060 Rog
1013 2008 1038 2046 3
1063 2001 1202 2059 δίκην
1225 2009 1321 2052 τοῖς
1343 1998 1571 2058 κρείττοσι
1596 2001 1691 2045 Ath
1796 2004 1823 2042 4
1848 1999 1946 2043 Καὶ

251 2061 362 2103 ante
399 2060 506 2115 περὶ
537 2060 835 2104 inserendum
876 2062 981 2106 coni
1023 2062 1185 2106 Iacobs
1224 2061 1320 2105 Not
1352 2065 1376 2104 7
1407 2062 1412 2117 Ι
1440 2057 1525 2105 οὖν
1556 2058 1732 2103 inserui
1764 2071 1820 2102 ex
1850 2059 1946 2103 Ath

261 2119 346 2163 ΠΒ
379 2121 572 2163 auctore
604 2120 671 2163 Re
704 2134 810 2164 cum
841 2121 946 2177 Rog
1006 2136 1082 2166 om
1119 2121 1290 2177 reliqui
1332 2120 1441 2164 libri
1473 2119 1575 2163 Mor
1590 2119 1659 2162 Re
1781 2122 1807 2161 5
1838 2118 1944 2161 τού-

250 2194 344 2221 των
377 2179 471 2223 Ath
504 2180 510 2234 1
545 2178 861 2236 γεγενημένων
899 2180 1074 2225 inserui
1105 2181 1397 2226 eMaUVaB
1437 2192 1543 2222 cum
1579 2178 1684 2235 Rog
1744 2191 1819 2221 om
1851 2177 1945 2221 Ath

251 2236 355 2280 Mor
370 2236 438 2280 Re
560 2243 585 2280 6
619 2237 912 2293 εἰσελήλυθεν
946 2242 1035 2285 Μα
1061 2243 1067 2297 Ι
1094 2246 1260 2284 τοῦτον
1289 2239 1379 2283 Μα
1411 2239 1492 2282 sed
1524 2254 1551 2281 ν
1583 2236 1678 2281 add
1702 2235 1784 2290 ιη’,
1827 2236 1945 2281 UVa

253 2297 299 2339 B
423 2300 446 2339 7
479 2295 795 2354 μεμνημένους
820 2301 909 2344 Μα
934 2300 1015 2344 sed
1040 2316 1095 2344 ov
1129 2312 1183 2342 ex
1215 2315 1240 2343 ο
1273 2312 1375 2342 corr
1404 2296 1475 2340 m²
1595 2301 1621 2339 8
1656 2292 1945 2352 ὀμωμοκότες

253 2354 418 2410 scripsi
442 2369 498 2398 ex
522 2357 614 2400 Ath
625 2357 669 2401 U
674 2358 742 2401 Va
767 2359 956 2403 auctore
980 2359 1048 2402 Re
1074 2373 1179 2402 cum
1201 2358 1305 2414 Rog
1365 2354 1653 2412 ὀμωμοκότες
1674 2356 1764 2399 Μα
1824 2353 1943 2410 ὁμω-

254 2411 453 2468 μοκότας
484 2415 529 2457 Β
562 2415 663 2459 Mor
679 2416 746 2460 Re
868 2422 893 2460 8
925 2415 961 2461 τ’
1004 2418 1109 2475 Rog
1151 2421 1156 2471 Ι
1200 2414 1426 2471 ἀκρόασιν
1465 2414 1654 2459 ἅπασαν
1691 2412 1879 2470 reposui
1918 2426 1944 2457 e

253 2471 385 2516 libris
462 2472 693 2528 ἀκρασίαν
730 2482 845 2519 πᾶσι
885 2477 986 2520 Mor
1002 2477 1071 2521 Re
1103 2476 1184 2532 qui
1223 2472 1449 2530 ἀκρόασιν
1482 2473 1586 2530 ἴσην
1625 2479 1741 2516 πᾶσι
1779 2471 1884 2515 coni

252 2529 480 2587 ἀκρόασιν
512 2539 626 2576 πᾶσι
657 2534 760 2591 Rog
884 2539 938 2579 10
970 2537 1050 2580 καὶ
1081 2537 1191 2579 ante
1223 2535 1363 2580 οὐδὲν
1395 2534 1442 2576 et
1464 2540 1557 2577 τῶν
1582 2533 1691 2575 ante
1714 2529 1942 2575 πλειόνων

254 2590 356 2634 Mor
372 2591 439 2634 Re
502 2590 652 2635 delevi
684 2606 789 2636 cum
820 2594 924 2652 Rog
950 2597 956 2651 1
983 2611 1031 2639 τε
1064 2596 1159 2639 Ath
1281 2598 1332 2637 11
1368 2590 1501 2646 δείξω
1534 2591 1629 2635 Ath
1750 2594 1803 2632 13
1837 2589 1942 2645 ὑμε-

251 2647 397 2704 τέρων
428 2650 615 2706 reposui
647 2664 672 2695 e
703 2651 836 2696 libris
869 2655 1058 2697 auctore
1089 2654 1157 2697 Re
1193 2667 1299 2697 eum
1329 2652 1434 2708 Rog
1493 2648 1725 2706 ἡμετέρων
1755 2647 1858 2691 Mor
1873 2647 1940 2691 Re

316 2713 369 2752 15
402 2711 627 2764 punctum
658 2713 765 2765 post
795 2712 1019 2769 βούλομαι
1050 2711 1187 2769 posui
1219 2726 1324 2755 cum
1356 2711 1415 2764 Β,
1449 2709 1582 2753 colon
1614 2708 1730 2764 Rog,
1763 2720 1942 2750 comma.

253 2766 423 2823 reliqui
468 2767 576 2812 libri
616 2768 719 2812 Mor
738 2770 806 2813 Re
855 2774 862 2829 Ι
912 2769 1037 2831 (δ’)
1072 2771 1247 2815 inserui
1384 2773 1437 2812 16
1478 2763 1513 2811 ὦ
1544 2765 1792 2822 Ἀθηναῖοι,
1831 2767 1940 2809 ante

254 2826 412 2870 οὐδενὶ
446 2827 539 2871 Ath
570 2826 671 2870 Mor
694 2828 761 2873 Re
821 2829 971 2874 delevi
1003 2845 1109 2874 cum
1140 2830 1243 2887 Rog
1284 2831 1291 2886 1
1333 2842 1444 2871 num
1475 2824 1643 2870 ἀδίκου
1676 2823 1942 2883 (λήμματος

256 2884 397 2944 οὔτε)
422 2888 596 2941 κλοπῆς
619 2886 709 2931 coll
733 2903 778 2943 p.
798 2893 866 2942 28,
888 2894 942 2932 1?
981 2891 1032 2933 at
1064 2889 1120 2933 cf.
1155 2904 1197 2944 p.
1227 2892 1295 2942 71,
1316 2891 1370 2931 14
1389 2901 1454 2942 sq.
1534 2884 1726 2934 οὐδενὸς
1756 2880 1939 2937 ἀδίκου,

254 2942 360 2988 οὔτε
391 2944 465 2988 vel
496 2943 678 3000 ἀδίκου,
710 2947 814 2991 οὔτε
846 2948 951 2992 coni
983 2947 1187 2992 Sintenis
