2026 3192
707 120 953 165 CIMONIS
986 119 1210 164 ORATIO
1697 118 1805 170 509

228 267 272 313 6.
313 263 759 325 Neapolitanus
792 261 844 309 Π
874 261 914 308 Ε
945 263 1009 309 17
1054 275 1178 309 saec.
1210 260 1328 307 XIV
1360 260 1443 308 fol.
1473 261 1617 307 262'.
1680 258 1806 305 Vide

111 342 148 387 t.
174 339 196 385 I
228 355 274 400 p.
303 340 404 386 211
426 353 496 399 sq.
556 400 559 406 .

229 421 273 468 7.
306 419 754 467 Laurentianus
786 416 927 464 LVII
954 418 1020 464 23
1049 411 1129 482 (=
1154 408 1218 482 L)
1249 431 1372 464 saec.
1399 415 1515 463 XIV
1548 415 1631 463 fol.
1663 416 1806 463 133&

111 494 240 541 Vide
273 509 422 555 supra
454 510 500 555 p.
531 493 633 540 176
654 507 724 553 sq.

226 575 273 622 8.
321 574 754 622 Ambrosianus
799 573 839 619 Ε
875 574 942 620 92
992 586 1098 634 sup.
1139 587 1264 620 saec.
1297 570 1529 635 XIVJXV
1579 571 1663 619 fol.
1700 571 1806 619 76V.

114 650 405 710 Descriptus
431 651 507 696 est
530 665 555 696 e
580 647 915 696 Laurentiano
931 645 1074 693 LVII
1093 647 1176 694 23.
1219 645 1343 692 Vide
1369 661 1520 707 supra
1542 662 1589 707 p.
1613 645 1716 692 178
1736 661 1807 707 sq.

114 727 164 771 et
197 724 319 770 451.
380 722 594 785 Inspexi„

227 807 272 852 9.
321 804 696 866 Mosquensis
742 802 1074 851 bibliothecae
1123 801 1376 864 synodalis
1410 803 1515 849 489
1567 816 1690 849 saec.
1716 800 1808 848 XV

111 879 197 927 fol.
224 881 370 927 207¹&
431 878 556 926 Vide
590 893 743 940 supra
774 894 821 939 p.
851 878 970 925 180.

126 986 128 989 ·
229 962 310 1008 10.
344 959 658 1007 Parisinus
684 975 755 1023 gr.
784 959 925 1007 3015
952 973 1077 1006 saec.
1104 957 1224 1005 XIV
1254 957 1338 1005 fol.
1367 957 1474 1005 69¹¹.
1508 956 1634 1005 Vide
1660 972 1809 1018 supra

111 1037 159 1095 p'.
189 1036 291 1082 175
313 1049 383 1095 sq.
439 1034 519 1081 Ad
550 1034 682 1082 idem
714 1032 966 1094 exemplar
995 1032 1124 1080 redit
1157 1034 1305 1094 atque

127 1106 131 1122 ²
229 1118 309 1163 11.
342 1115 658 1163 Parisinus
691 1132 761 1178 gr.
789 1115 932 1163 3018
959 1129 1083 1163 saec.
1107 1113 1200 1161 XV
1223 1113 1309 1162 fol.
1339 1114 1459 1160 163.
1507 1112 1634 1160 Vide
1659 1128 1809 1174 supra

111 1206 158 1251 p.
187 1191 291 1238 173
310 1205 380 1252 sq.

228 1273 309 1318 12.
342 1270 942 1332 Hierosolymitanus
969 1269 1015 1318 S.
1044 1269 1268 1332 Sepulcri
1292 1269 1621 1318 bibliothecae
1653 1270 1808 1329 patri-

111 1344 327 1408 archalis
364 1346 429 1394 79
466 1338 545 1411 (=
570 1338 618 1410 Ι)
658 1360 782 1393 saec.
807 1343 899 1391 XV
930 1344 1015 1392 fol.
1052 1345 1134 1394 16.
1195 1344 1323 1391 Vide
1356 1359 1505 1406 supra
1536 1360 1585 1405 p.
1612 1345 1714 1391 451
1737 1359 1808 1404 sq.

115 1418 340 1467 Contulit
370 1419 494 1467 mihi
532 1435 660 1467 anno
698 1420 838 1467 1908
873 1418 1246 1467 Maximilianus
1278 1418 1452 1466 Loehr.

225 1493 299 1541 De
325 1494 566 1555 excerptis
582 1493 946 1540 Burneianis
972 1495 1022 1541 et
1040 1492 1494 1540 Lambethianis
1520 1491 1632 1540 vide
1658 1507 1810 1554 supra

112 1584 160 1628 p.
188 1568 292 1615 456
312 1584 359 1615 n.
388 1569 453 1615 12
489 1569 539 1615 et
574 1568 656 1615 13.

229 1650 309 1719 13.
335 1647 783 1697 Laurentianus
807 1648 921 1696 LIX
939 1649 1009 1697 30
1028 1642 1109 1714 (ἶ-
1125 1642 1258 1713 Lau)
1277 1664 1399 1697 saec.
1418 1647 1537 1696 XIV
1561 1648 1645 1696 fol.
1663 1649 1809 1697 240&

117 1721 240 1770 Vide
271 1724 306 1770 t.
333 1722 356 1769 I
388 1740 435 1785 p.
461 1724 566 1770 417
587 1738 657 1785 sq.
691 1725 741 1770 et
773 1738 924 1784 supra
954 1739 1002 1784 p.
1028 1723 1150 1772 457.
1216 1722 1428 1771 Contuli.

222 1805 303 1851 14.
343 1804 789 1866 Neapolitanus
827 1803 879 1852 II
918 1805 958 1851 Ε
990 1807 1054 1852 19
1091 1798 1249 1869 (154)
1291 1819 1415 1852 saec.
1447 1802 1540 1850 XV
1579 1803 1664 1851 fol.
1700 1805 1807 1852 9lv.

113 1876 239 1925 Vide
271 1881 306 1926 t.
331 1878 356 1925 Ι
386 1895 433 1940 p.
462 1880 563 1927 331
584 1895 656 1940 sq.

230 1962 310 2007 15.
345 1960 796 2008 Escurialensis
829 1960 1064 2008 T-II-ll
1095 1953 1253 2026 (147)
1287 1975 1411 2008 saec.
1436 1952 1555 2006 XVI
1586 1959 1670 2007 fol.
1698 1960 1806 2007 40‘2

115 2032 240 2082 Vide
272 2049 423 2095 supra
447 2051 493 2096 p.
521 2035 625 2083 366
645 2049 715 2096 sq.
778 2034 858 2082 Ad
883 2034 1091 2082 eundem
1122 2035 1314 2082 fontem
1344 2034 1474 2081 redit
1506 2036 1656 2095 atque
1681 2033 1809 2081 Nea-

114 2107 367 2168 politanus
397 2108 448 2155 II
471 2109 511 2155 Ε
543 2110 624 2156 19.

230 2183 310 2229 16.
369 2182 796 2231 Ambrosianus
851 2183 876 2230 I
916 2185 984 2231 49
1046 2199 1150 2244 sup.
1200 2198 1329 2229 anno
1381 2182 1522 2229 1488
1580 2183 1809 2229 exaratus

114 2255 198 2302 fol.
227 2258 371 2303 234V.
434 2255 560 2304 Vide
592 2259 628 2303 t.
652 2256 677 2303 I
707 2274 754 2319 p.
782 2258 887 2305 363
907 2272 976 2318 sq.

231 2332 313 2377 17.
360 2330 792 2378 Ambrosianus
834 2329 874 2377 L
909 2332 977 2378 64
1019 2325 1169 2395 (485)
1219 2345 1343 2379 saec.
1375 2328 1495 2377 XIV
1542 2330 1626 2378 fol.
1664 2331 1807 2378 100V.

114 2402 242 2450 Vide
274 2406 309 2451 t.
335 2404 358 2450 Ι
390 2421 436 2465 p.
468 2405 572 2451 426
592 2419 664 2466 sq.

227 2485 302 2532 Ex
333 2485 410 2534 his
442 2500 566 2547 quos
596 2487 648 2532 in
674 2502 874 2534 censum
898 2485 1144 2534 vocandos
1170 2501 1274 2533 esse
1299 2485 1419 2532 duxi
1451 2485 1641 2534 codices
1668 2485 1807 2546 quin-

114 2574 210 2620 que
253 2559 563 2607 ViBLILau
595 2558 676 2607 hic
700 2576 895 2621 quoque
927 2562 980 2607 in
1013 2560 1135 2608 duas
1160 2558 1418 2607 discedunt
1447 2559 1665 2607 familias
1689 2574 1808 2621 qua-

114 2649 226 2679 rum
271 2634 409 2694 prior
455 2632 702 2681 codicibus
759 2634 888 2694 WB,
935 2634 1095 2681 altera
1141 2633 1339 2681 LILau
1385 2635 1689 2692 continetur,
1734 2632 1808 2679 ita

115 2708 283 2754 tamen
314 2710 373 2754 ut
402 2707 521 2754 Lau
552 2708 704 2754 etiam
744 2707 924 2756 codicis
964 2707 1145 2769 prioris
1185 2707 1405 2754 familiae
1444 2709 1546 2755 vim
1580 2709 1808 2768 expertus

117 2780 183 2827 sit
215 2782 301 2841 qui
332 2796 389 2827 ex
422 2779 593 2828 eodem
625 2796 723 2842 quo
755 2781 804 2828 B
835 2782 972 2829 fonte
1003 2780 1159 2828 fluxit.
1217 2781 1609 2829 Necessitudinis
1641 2780 1808 2827 vincu-

117 2853 223 2900 lum
263 2869 358 2915 quo
399 2853 584 2918 singuli
625 2854 813 2902 codices
859 2857 990 2902 inter
1036 2870 1086 2902 se
1135 2856 1386 2902 coniuncti
1424 2857 1540 2903 sunt
1585 2854 1677 2901 hoc
1715 2852 1809 2901 tibi

116 2927 290 2975 reddet
320 2930 551 2975 stemma:
