2026 3192
1050 591 1114 643 X.

498 707 595 761 Ἐκ
634 716 747 763 τοῦ
789 708 1095 763 ἐναντίου
1136 709 1163 763 ὁ
1209 713 1664 778 Θεμιστοκλῆς.

146 833 180 875 R
203 833 265 875 IV
283 837 367 878 388
508 828 553 880 1.
579 825 784 896 ’Ώιμην
809 827 928 896 μέν,
961 822 1002 880 ὦ
1035 828 1234 897 ἄνδρες
1266 830 1535 896 δικασταί,
1567 825 1735 892 αὖθις
1765 850 1926 898 κατη-

236 916 547 987 γορήσοντα
570 938 677 985 μου
703 916 954 970 Νεοκλέα
978 915 1066 969 καὶ
1093 925 1204 969 τῶν
1227 919 1499 986 πρότερον
1531 916 1757 971 ἐκείνων
1781 921 1924 971 πολὺ

217 992 450 1072 ’μείζους
489 1007 666 1068 αἰτίας
712 1005 1007 1059 ἐποίσοντα
1055 1007 1191 1075 πρὸς
1236 1005 1389 1058 τουτὶ
1439 1006 1693 1070 συλλέξαι
1739 1007 1799 1060 τὸ
1843 1008 1925 1060 δι-

193 1115 211 1147 5
236 1097 534 1165 καστήριον
572 1095 730 1163 ὑμᾶς,
770 1093 829 1148 ἐκ
869 1095 973 1163 γὰρ
1007 1090 1086 1147 ὧν
1118 1095 1452 1148 ἐπεπόνθειν
1483 1103 1654 1148 ταῦτα
1689 1094 1925 1160 ἐλπίζειν

234 1180 405 1253 εἶχον·
446 1183 561 1237 ἐπεὶ
602 1180 662 1237 δὲ
701 1183 947 1253 βραδέως
985 1183 1291 1252 ἀνέμνησεν
1323 1181 1522 1237 ἑαυτὸν
1553 1184 1625 1246 ὡς
1665 1182 1718 1247 ἐξ
1753 1184 1922 1237 αὐτοῦ

234 1273 497 1340 γενοίμην
535 1270 625 1325 καὶ
667 1273 1070 1341 φιλάνθρωπος
1108 1266 1250 1326 εἶναι
1289 1273 1424 1341 πρὸς
1463 1271 1562 1342 ἐμέ
1597 1287 1756 1342 φησι,
1796 1274 1924 1326 ταύ-

234 1381 327 1428 της
364 1357 467 1427 μὲν
505 1361 652 1433 αὐτῷ
692 1369 787 1429 τῆς
827 1359 987 1429 δόξης
1027 1361 1094 1414 οὐ
1147 1366 1374 1429 φθονῶ,
1421 1360 1540 1414 ἀλλ’
1586 1358 1724 1414 ἔστω
1764 1360 1923 1414 πατέ-

234 1469 348 1518 ρων
386 1451 692 1520 πρᾳότατος
729 1447 820 1502 καὶ
859 1452 1136 1502 καλείσθω
1176 1457 1339 1502 τοῦτο
1379 1448 1507 1520 παρ’
1552 1449 1700 1518 ὑμῖν,
1740 1446 1830 1516 ἐμὲ
1863 1447 1922 1502 δὲ

168 1559 210 1590 ;ο
234 1537 323 1591 ἐπὶ
370 1546 465 1607 τῆς
511 1540 813 1607 συνηθείας
867 1536 926 1590 ἐν
966 1530 1001 1608 ᾗ
1046 1537 1373 1606 κατέστησεν
1429 1539 1591 1601 αὐτὸς
1642 1537 1776 1591 εὀἓτω
1831 1537 1921 1590 καὶ

232 1627 331 1679 τὸν
370 1628 541 1679 ἄλλον
580 1627 795 1695 διάγειν
835 1627 1063 1695 χρόνον,
1115 1627 1187 1689 ὡς
1225 1629 1297 1696 μὴ
1339 1625 1453 1680 κατ’
1500 1628 1663 1696 ἄμφω
1705 1630 1921 1694 λυποίη,

232 1717 352 1768 τότε
391 1716 493 1784 μὲν
531 1715 814 1783 ἐκβάλλων
853 1715 1036 1784 ὠμῶς,
1077 1723 1185 1768 νῦν
1224 1711 1283 1768 δὲ
1323 1715 1389 1767 οὐ
1431 1717 1773 1783 βουλόμενον
1813 1717 1922 1767 εἰσ-

232 1804 397 1871 ἄγων.

353 1965 413 2010 Gr
484 1987 540 2002 =
566 1964 722 2009 Codex
751 1964 1205 2021 Hierosolymitanus
1239 1965 1437 2008 Sanctae
1464 1963 1620 2007 Crucis
1654 1968 1709 2006 57

354 2024 390 2069 Ο
486 2046 542 2060 =
567 2023 813 2068 Chisianus
846 2024 885 2066 R
910 2023 974 2066 VI
997 2029 1053 2067 43

350 2086 396 2128 B
488 2106 543 2120 =
570 2083 850 2126 Barberinus
882 2083 925 2126 11
948 2088 1001 2127 41

350 2144 394 2186 L
487 2165 541 2179 =
567 2142 908 2186 Laurentianus
942 2142 1065 2186 LVII
1088 2147 1142 2186 23

351 2204 386 2247 I
488 2224 543 2238 =
567 2201 1019 2258 Hierosolymibanus
1054 2201 1096 2246 S.
1132 2201 1342 2258 Sepuleri
1370 2207 1423 2245 79

351 2262 459 2305 Lau
487 2283 542 2298 =
567 2260 908 2304 Laurentianus
940 2261 1039 2304 LIX
1066 2265 1121 2303 30

352 2415 374 2452 1
409 2406 540 2463 ἑτέρα
564 2407 720 2465 μελέτη
746 2408 1058 2465 απολογητικὴ
1083 2408 1144 2459 ὡς
1168 2405 1261 2452 ἀπὸ
1287 2407 1535 2462 προσώπου
1561 2404 1917 2462 θεμιστοκλέους

233 2468 349 2540 πρὸς
377 2465 460 2512 τὸν
492 2466 659 2512 ἑαυτοῦ
691 2466 870 2522 πατέρα
903 2466 1113 2522 νεοκλέα,
1153 2467 1204 2512 ἐν
1237 2459 1264 2525 ᾗ
1296 2467 1375 2510 καὶ
1415 2464 1649 2511 ἐνίσταται
1686 2466 1766 2509 καὶ
1799 2465 1921 2508 αἰτεῖ

234 2526 301 2598 μὴ
326 2524 488 2570 οἴκαδε
519 2526 631 2582 μετὰ
661 2533 743 2570 τοῦ
775 2527 950 2581 πατρὸς
981 2526 1207 2571 ἀπελθεῖν
1232 2525 1459 2569 δύσκολον
1484 2527 1654 2580 μᾶλλον
1678 2524 1735 2580 δὴ
1762 2523 1917 2579 μωρὸν

234 2585 427 2640 φασκων
457 2584 570 2642 μετὰ
601 2584 685 2640 τὴν
717 2585 1007 2642 ἀποκήρυξιν
1038 2585 1105 2636 εἰς
1134 2584 1219 2641 τὴν
1253 2584 1483 2640 πατρικὴν
1523 2582 1678 2628 οἰκίαν
1710 2585 1867 2628 ἐλθεῖν
1890 2583 1924 2625 Ι

238 2642 434 2700 μελέτη
468 2646 576 2687 ante
607 2645 658 2688 ἐκ
689 2644 780 2688 edd
841 2644 992 2688 delevi
1019 2646 1025 2700 Ι
1055 2658 1233 2688 comma
1256 2646 1363 2699 post
1396 2641 1610 2687 ἐναντίου
1634 2642 1748 2697 Mor,
1772 2655 1917 2715 punc-

234 2690 334 2746 ¹tum
368 2703 606 2748 GBLLau
637 2703 705 2746 Re
782 2702 931 2747 delevi
1075 2707 1100 2744 2
1141 2699 1284 2752 αὖθις
1314 2716 1407 2745 non
1437 2704 1544 2758 posi:
1575 2704 1804 2754 δικασται,
1836 2701 1917 2744 sed

234 2764 340 2817 post
370 2762 454 2818 μὲν
488 2762 584 2810 OB,
615 2764 723 2818 post
756 2762 923 2817 ἄνδρες
948 2763 1099 2805 LLau
1162 2762 1301 2811 αυτὸς
1335 2761 1371 2804 C'
1402 2763 1408 2816 1
1451 2759 1831 2817 κατηγορήσαντα
1857 2759 1918 2803 Or

236 2821 315 2863 sed
348 2822 448 2878 α(2)
482 2821 531 2863 in
563 2837 587 2864 ο
621 2835 722 2864 corr
753 2835 841 2875 ras,
875 2823 909 2865 I
1030 2826 1054 2863 5
1090 2818 1371 2864 ἐπεπόνθειν
1405 2821 1513 2863 Lau
1552 2820 1632 2863 sed
1673 2835 1742 2863 ειν
1782 2832 1837 2862 ex
1876 2834 1916 2861 ει

1254 2896 1281 2934 η

236 2950 336 2980 corr
366 2937 435 2980 m²
462 2941 468 2994 1
495 2937 626 2982 ταῦτ’
662 2940 697 2982 Ι
811 2942 835 2980 9
870 2936 1131 2992 πραότατος
1163 2940 1221 2994 ΙΙ
1249 2938 1359 2992 ὑμῖν
1392 2939 1423 2979 Ι
