2026 3192
473 137 701 182 LlBANII
731 137 991 182 LEGATIO
1024 137 1297 181 MENELAI
1659 137 1765 190 189

186 281 271 328 fol.
309 283 335 327 1
388 279 613 343 λιβανίου
668 276 851 341 μελέτη.
875 305 878 309 -
922 275 1169 343 ἀντιλογία
1222 284 1308 327 τοῦ
1362 275 1590 342 ἀχιλλέως
1642 277 1767 344 πρὸς

73 350 285 403 ὄδυσσέα

191 436 284 483 16*
314 432 739 500 πρεσβ·ευτικὸς
769 432 913 498 πρὸς
946 431 1083 492 τοὺς
1118 439 1303 498 τρῶας
1336 430 1481 497 ὑπὲρ
1513 440 1615 497 τῆς
1646 430 1766 482 ἕλε’-

74 527 182 572 νης
260 506 541 573 μενέλαος

189 592 258 639 24
291 597 378 654 τῆς
402 589 652 654 βασιλίδος
676 587 932 655 θεοδώρας
956 586 1183 651 ἐπιστολὴ
1208 586 1330 653 πρὸς
1355 587 1633 653 βελισάριον
1663 588 1764 637 Inc.

75 659 124 712 'A
155 661 243 728 μὲν
274 663 467 729 εἶ’ργασο
501 659 629 726 ἡμᾶς

188 747 283 794 24¹⁷
312 743 422 810 περὶ
453 744 793 809 βαρβαρισμοῦ
843 757 849 763 “

188 830 254 877 32
292 823 589 893 [Λιβανίου]
624 826 862 886 δύσκολος
892 824 1053 892 γήμας
1085 825 1232 874 λάλον
1266 819 1423 892 (134)

186 902 386 951 Desinit
431 902 483 949 in
530 902 650 950 folio
688 902 785 948 43v
829 915 947 950 voce
993 896 1199 965 ἤνεγκεν
1246 916 1357 948 cum
1404 900 1764 962 subscriptione

74 975 350 1024 rubricata·
398 974 558 1041 ὥσπερ
598 973 728 1035 ξένοι
774 974 1028 1040 χαίρουσιν
1074 970 1246 1038 ἡδεῖαν
1292 973 1383 1037 τὴν
1429 973 1639 1039 πατρίδα
1684 972 1767 1022 καὶ

74 1047 235 1139 ὥσπερ
269 1050 320 1098 οἵ
346 1047 610 1108 θαλατένες
641 1049 894 1115 χαίρουσιν
925 1046 1063 1113 ἠδεῖν
1098 1047 1156 1097 τὰ
1193 1046 1378 1113 λημένα
1417 1047 1573 1107 οὕτως
1605 1045 1687 1097 καὶ
1719 1048 1772 1096 οἵ

74 1122 282 1190 γραφέες
314 1124 567 1188 χαίρουσιν
599 1121 739 1187 ἤδειν
770 1129 858 1172 τοῦ
890 1123 1085 1188 βιβλίου
1116 1120 1249 1182 τέλος

187 1207 283 1254 46v
309 1200 591 1271 [Σπληνίου
616 1203 725 1270 περὶ
749 1202 979 1271 γενέσεως
1002 1199 1300 1269 ἀνθρώπου]
1313 1198 1354 1271 ¹)
1380 1206 1472 1253 inc.
1498 1202 1550 1252 τὸ
1576 1201 1765 1270 σπέρμα

73 1277 126 1328 ἐν
157 1287 214 1343 τῆ
248 1280 405 1344 μήτρα
436 1278 859 1343 καταβαλλόμενον

186 1354 282 1410 46Ῡ
313 1361 464 1425 νόμος
496 1352 559 1424 ἦν
583 1359 636 1408 ἐν
661 1360 987 1423 λακεδαίμονι.
1031 1360 1227 1408 Desinit
1251 1361 1428 1408 folium
1455 1354 1616 1408 verbis
1642 1359 1763 1409 αὐτὸ

72 1434 453 1499 καταλιμπάνων
486 1433 774 1484 ἀνεύθυνον
806 1428 955 1502 (420,
982 1427 1050 1500 7).

184 1517 304 1564 Inde
337 1533 367 1564 a
399 1517 520 1565 folio
555 1517 623 1564 48
658 1519 931 1578 sequuntur
962 1517 1202 1578 opuscula
1235 1516 1398 1564 ethica
1430 1516 1703 1564 Plutarchi.

184 1598 385 1660 Inspexi
416 1614 545 1646 anno
581 1599 737 1647 1880.

189 1681 270 1728 72.
302 1679 674 1728 Laurentian
691 1696 751 1728 us
776 1679 863 1726 LX
890 1681 956 1728 25
992 1646 1279 1727 chartaceus
1314 1680 1503 1727 formae
1533 1682 1739 1742 quartae
1765 1691 1851 1732 203

73 1754 259 1802 saeculi
305 1754 424 1800 XIV
471 1755 690 1802 continet
732 1756 845 1816 post
890 1755 1031 1802 varia
1077 1754 1324 1802 rhetorica
1373 1769 1497 1815 quae
1544 1756 1765 1802 recenset

70 1826 346 1875 Bandinius
377 1831 412 1876 t.
438 1828 488 1875 ΙΙ
519 1846 566 1891 p.
595 1829 698 1876 615
996 1835 1006 1840 ”

183 1910 254 1957 fol
289 1911 420 1959 309
459 1907 883 1974 πρεσβευτικὸς
923 1907 1068 1974 πρὸς
1098 1907 1236 1968 τοὺς
1268 1917 1454 1975 τρῶας
1485 1906 1629 1976 ὑπὲρ
1661 1916 1765 1974 τῆς

71 1979 287 2046 ελένης.
322 1982 605 2047 μενέλαος

186 2066 215 2112 3
224 2067 249 2112 1
259 2067 292 2112 4
344 2063 581 2123 δύσκολος
627 2059 824 2132 λάλ(ον)
871 2063 1031 2129 γήμας
1081 2063 1257 2114 ἑαυτὸν
1310 2061 1654 2131 προσαγγέλλει
1697 2059 1760 2113 ‘4‘

73 2137 159 2186 sed
190 2137 372 2186 desinit
410 2140 464 2186 in
494 2139 646 2187 verba
686 2138 804 2188 ὥστε
842 2137 925 2188 καὶ
956 2146 1053 2187 τῶν
1066 2155 1070 2160 ’
1082 2133 1202 2206 (des.
1236 2140 1319 2188 fol.
1355 2142 1385 2188 3
1395 2142 1420 2187 1
1429 2132 1506 2205 8²)
1539 2139 1763 2203 τεττίγων

77 2205 193 2278 (inc.
227 2213 310 2260 fol.
340 2214 403 2261 31
414 2208 493 2279 SV)
528 2210 553 2262 ὃ
587 2210 675 2276 μὲν
705 2207 853 2280 (146,
878 2207 949 2279 9).

86 2296 88 2298 ’
183 2293 482 2343 Examinavi
512 2310 642 2342 anno
671 2297 697 2342 1
706 2295 736 2342 8
745 2295 828 2356 69,
860 2311 1019 2357 nuper
1048 2311 1212 2343 meum
1251 2297 1303 2342 in
1342 2310 1484 2343 usum
1516 2294 1760 2357 Hierony·

71 2382 180 2414 mus
210 2367 388 2415 Vitelli
419 2368 647 2430 inspexit.

185 2447 464 2513 Singularis
505 2453 579 2498 est
618 2450 788 2499 classis
827 2450 1051 2498 codicum
1085 2445 1642 2499 ‘scholasticorum'
1676 2451 1762 2513 qui

70 2520 482 2572 declamationem
505 2524 717 2571 Menelai
742 2539 854 2572 cum
877 2528 1267 2592 προσφωνητικῷ
1289 2517 1576 2586 Ἰουλιανοῢ,
1600 2525 1760 2573 tribus
1815 2571 1821 2577 ,

72 2597 379 2645 orationibus
419 2597 594 2646 ethicis
632 2595 742 2661 περὶ
781 2595 1073 2662 ἀπληστίας,
1114 2597 1186 2647 ὅτι
1224 2597 1276 2647 τὸ
1319 2601 1549 2646 πλουτεῖν
1579 2595 1762 2657 ἀδίκως

71 2675 160 2716 τοῦ
198 2667 437 2719 πένεσθαι
483 2668 808 2736 ἀθλιώτερον,
855 2669 965 2738 περὶ
1010 2672 1195 2735 φίλων,
1233 2671 1377 2740 ψόγῳ
1424 2668 1596 2738 ὀργῆς,
1642 2670 1761 2736 βοὸς

70 2738 319 2813 ἐγκωμίῳ,
351 2745 599 2810 συγκρίσει
630 2742 783 2812 ἀγροῦ
815 2743 896 2794 καὶ
927 2743 1136 2809 πόλεως,
1177 2747 1323 2794 certis
1358 2746 1654 2808 quibusdam
1686 2743 1759 2794 ἐκ·

193 2957 234 3012 1)
268 2955 334 3001 Cf.
368 2958 558 3013 quaein
593 2959 841 3002 annalibus
873 2959 1269 3004 Fleckeisenianis
1305 2964 1433 3015 18⁷6,
1459 2964 1545 3004 215
1578 2959 1687 3003 dixi.
