2026 3192
717 118 968 163 NEOCLIS
1001 117 1223 163 ORATIO
1702 117 1810 170 483

126 257 594 322 συμπεσόντων
654 255 903 322 ἤλγουν
964 257 1075 307 καί
1133 268 1200 307 σε
1255 255 1526 322 ἤλπιζον
1582 253 1819 321 ἀπολή-

126 349 367 408 ψεσθαι
413 344 626 397 πάλιν.
680 343 821 411 ἥκει
870 343 944 412 δὴ
992 343 1063 395 τὸ
1111 343 1665 413 προσδοκώμενον
1714 341 1818 395 καὶ

125 435 237 486 τὸν
277 433 630 501 εἰσάγοντα
669 434 850 501 ἔχεις.
898 432 978 500 μὴ
1018 435 1253 484 τοίνυν
1293 431 1620 485 ἀντίτεινε
1659 432 1820 500 μηδὲ

124 523 236 575 τὸν
276 520 418 588 ἐμοὶ
457 523 700 588 κόσμον
740 520 1181 589 ὀφειλόμενον
1221 519 1406 589 ἑτέρα
1452 522 1628 573 οἰκία
1667 540 1818 590 καρ-

125 610 396 663 πούσθω
436 630 547 673 τις.
1867 630 1886 662 5

236 698 321 752 51.
372 703 553 752 Ταῦτα
593 697 874 761 αἰδεσθεὶς
922 698 928 768 Ι
978 699 1044 751 τὰ
1084 698 1296 768 ῥήματα
1334 699 1520 766 βάδιζε
1561 698 1639 751 οἴ-
1684 703 1804 746 RIV
1823 707 1908 747 388

125 789 256 896 καδε
302 784 414 854 μετ’
462 787 610 857 ἐμοῦ.
665 786 769 840 κᾶν
818 786 904 840 ἐπὶ
950 788 1052 856 τὴν
1090 786 1273 840 Ἀσίαν
1326 786 1494 856 πλέῃς
1547 786 1637 839 καὶ
1691 789 1823 850 τοὺς
1876 836 1878 838 .

126 876 329 938 αὐτοὺς
387 876 693 947 ἀντεπαγῃς
745 884 811 947 τῇ
868 877 1161 946 βαρβάρῳ
1187 876 1511 943 κινδύνους,
1567 875 1672 930 ἀπὸ
1727 884 1821 946 τῆς

125 963 374 1037 πατρῴας
411 964 654 1029 ἐξελθὼν
693 966 868 1028 οἰκίας
906 963 1156 1034 ἐπίβαινε
1188 973 1283 1034 τῆς
1322 966 1475 1032 νεώς,
1514 964 1619 1033 κᾶν
1659 965 1819 1027 ἐπαν-

126 1055 312 1107 ελθὼν
351 1055 484 1123 <τὸ>
523 1054 801 1121 ἀριστεῖον
842 1055 1030 1124 λάβῃς,
1071 1053 1316 1125 ἐνταῦθα
1355 1062 1519 1109 τοῦτο
1559 1055 1670 1122 αγε.
1846 1076 1887 1107 10

237 1142 324 1196 52.
377 1143 520 1197 Εἴθε
568 1158 656 1196 σοι
704 1141 793 1196 καὶ
833 1143 865 1212 ἡ
906 1145 1104 1212 μήτηρ,
1145 1140 1186 1196 ὦ
1231 1145 1631 1213 Θεμιστόκλεις,
1670 1162 1822 1212 περι-

126 1241 210 1300 ῆν,
249 1232 322 1295 ὡς
362 1233 464 1285 οὐκ
504 1231 572 1285 ἂν
611 1236 833 1286 πολλῶν
873 1227 1104 1301 ἐδεόμην
1144 1234 1340 1303 λόγων,
1388 1240 1496 1285 νῦν
1534 1231 1585 1285 δ’
1629 1234 1662 1301 ἡ
1700 1234 1822 1286 τότε

127 1329 226 1373 τοῦ
257 1329 463 1392 ,καιροῦ
505 1322 772 1374 δυσκολία
810 1322 901 1374 καὶ
939 1329 1105 1392 τοῦτο
1144 1322 1277 1390 μετὰ
1323 1330 1436 1374 τῶν
1483 1322 1665 1374 ἄλλων
1704 1321 1821 1389 ἠδί-

126 1424 307 1478 κησεν.
370 1408 487 1463 ἀλλ’
546 1410 715 1479 ὅμως,
771 1415 827 1463 εἴ
873 1430 956 1472 τις
1017 1399 1277 1479 αἴσθησις
1330 1419 1446 1472 τοῖς
1493 1409 1820 1478 ἀπελθοῦσι,

128 1501 539 1608 συνησθησεται
578 1498 670 1553 καὶ
708 1501 1035 1567 κοινωνήσει
1074 1508 1169 1569 τῆς
1209 1498 1887 1568 &QUIS-1⁵

247 1665 273 1703 8
306 1660 435 1703 Dem.
468 1675 512 1716 p
543 1665 640 1716 118,
662 1665 700 1704 7.
734 1660 877 1704 Thac.
903 1660 945 1704 ΙΙ
971 1665 1042 1716 97,
1061 1665 1085 1703 3

128 1810 322 1864 aliquid,
355 1815 551 1911 aussvoe.
576 1810 656 1853 hoe
681 1811 732 1853 in
755 1810 866 1853 vitio
890 1811 1037 1854 cubat.
1070 1810 1294 1853 sententia
1317 1810 1527 1865 postulat
1553 1811 1824 1865 διῆγες-αἰιτ

127 1869 216 1912 tale
247 1869 386 1924 quid“
462 1882 486 1911 e

251 1934 271 1970 1
306 1925 388 1971 καί
418 1941 467 1971 σε
500 1927 666 1984 scripsi
699 1942 723 1971 e
758 1928 794 1972 Ο
851 1928 932 1971 καὶ
964 1928 1012 1971 σὲ
1043 1927 1214 1984 reliqui
1244 1928 1355 1971 libri
1387 1928 1478 1971 edd
1521 1930 1527 1983 Ι
1576 1928 1821 2000 ἀπολείψε-

130 1989 245 2030 σθαι
279 1988 387 2031 Lau
524 1992 548 2030 3
582 1987 642 2043 μὴ
676 1986 726 2032 δὲ
761 1988 993 2031 BLILau
1129 1991 1155 2029 4
1192 1986 1324 2047 ἑτέρᾳ
1356 1985 1484 2048 οἰκίᾳ
1518 1987 1556 2030 C
1673 1991 1698 2030 5
1731 1984 1820 2036 τίς·

128 2052 273 2089 ταῦτα
303 2046 363 2090 Cr
496 2051 520 2090 6
554 2045 713 2104 βάδιζε
745 2046 933 2103 reposui
966 2060 990 2091 e
1018 2046 1280 2102 GMaBLI,
1313 2048 1366 2090 ut
1398 2032 1503 2090 coni
1534 2046 1602 2089 Re
1650 2043 1822 2098 δίκαζε

130 2105 238 2149 Lau
270 2105 359 2150 edd
483 2110 506 2149 7
540 2105 683 2149 πλεύσ
685 2122 740 2163 ης
764 2107 873 2150 Lau
1002 2110 1027 2149 8
1059 2109 1122 2149 τῶ
1150 2105 1231 2150 OB
1353 2110 1377 2149 9
1412 2106 1634 2150 ἀπελθὼν
1659 2106 1703 2148 Β

134 2168 187 2207 10
218 2165 269 2208 τὸ
302 2164 478 2209 inserui
508 2123 713 2208 auctor&
732 2164 888 2209 Gasda
920 2164 1011 2209 coll
1038 2152 1145 2208 Ηέτ.
1172 2164 1278 2208 VIII
1305 2170 1357 2209 11
1437 2178 1511 2208 om
1542 2163 1653 2208 libri
1685 2164 1777 2208 edd
1814 2166 1818 2220 Q

130 2223 286 2297 λάβῃς
296 2225 329 2267 Ι
356 2225 437 2268 sed
468 2241 523 2281 γρ
555 2223 793 2282 λαμβανης
823 2238 1038 2281 suprascr
1068 2223 1138 2267 m²
1261 2228 1314 2268 15
1347 2222 1630 2288 συνθήσεται
1654 2225 1763 2268 Lau

132 2282 355 2338 συνθήσει
389 2283 437 2327 τὲ
461 2284 496 2326 Ι

1377 3005 1465 3050 31*
