2054 3192
641 137 720 181 DE
754 135 1041 181 SOCRATIS
1075 135 1249 181 SILEN
1251 136 1349 180 '1¹10
1732 137 1833 189 137

144 278 259 331 νίδι
321 273 649 344 γενομένων.
718 271 809 326 καὶ
871 280 988 335 τοῖς
1049 272 1151 341 μὲν
1211 271 1564 341 τεμνομένοις
1626 272 1836 341 ἀνάγκη

144 364 374 432 στένειν,
413 362 504 417 καὶ
543 361 927 432 κεκλεισμένος
965 381 1048 424 τις
1087 359 1327 434 ᾤμωξεν,
1360 361 1389 415 ὁ
1430 361 1493 414 δὲ
1532 361 1706 430 αὐτὴν
1745 361 1838 414 αὐ-

142 456 264 508 τίκα
325 452 557 523 ἀφήσων
609 452 712 520 τὴν
765 452 951 521 ψυχὴν
1004 450 1177 520 μηδὲν
1231 449 1319 503 ἐπὶ
1370 449 1565 519 μηδενὶ
1617 448 1760 523 ΙΜοι·
1775 470 1820 512 p.
1839 461 1925 499 226

143 543 394 612 ἀντηχῶν
442 541 502 594 ἐν
548 543 735 609 λόγοις
773 539 1058 609 ἀποθάνῃ,
1112 535 1227 592 ἀλλ’
1273 539 1378 607 ἤδη
1433 540 1525 592 καὶ
1578 540 1687 610 πρὸ
1740 548 1837 609 τῆς

140 637 396 700 τελευτῆς
456 631 650 700 νεκρὸς
715 630 960 697 ἄφωνος;
1026 630 1268 690 πολλοὺς
1337 636 1436 681 τοῦ
1501 629 1837 699 Σωκράτους
1883 651 1902 683 5

140 721 423 783 θανάτους
461 729 651 781 ποιεῖς.

254 809 340 861 21.
380 808 491 861 Καὶ
529 816 645 871 τοῖς
682 808 784 877 μὲν
816 808 1066 870 εἰδώλοις
1098 808 1150 860 οἱ
1184 805 1630 876 φιλοσοφοῦντές
1661 822 1836 875 φασιν

139 892 283 952 εἶναι
323 898 520 966 φωνὴν
557 895 647 950 καὶ
688 899 979 949 λείπεσθαι
1018 904 1182 949 τοῦτο
1221 894 1312 949 καὶ
1359 905 1479 958 ταῖς
1531 904 1708 959 σκιαῖς
1745 894 1834 949 καὶ

139 995 304 1040 τοῦτο
343 984 487 1040 ἔοικε
526 986 618 1039 καὶ
643 983 880 1053 Ὅμηρος
918 983 1326 1038 ἐνδείκνυσθαι.
1376 994 1553 1039 ποιῶν
1591 986 1695 1053 γὰρ
1735 985 1837 1053 τὴν

139 1077 470 1146 Πατρόκλου
516 1075 701 1143 ψυχὴν
746 1075 924 1127 πάντα
969 1072 1160 1127 ἐλθεῖν
1207 1073 1404 1141 ὁμοίαν
1452 1073 1641 1145 ἐκείνω
1690 1073 1834 1142 λέγει
1863 1095 1903 1127 10

139 1164 230 1219 καὶ
269 1166 330 1218 τὸ
371 1174 527 1234 σῶμα
566 1162 657 1218 καὶ
703 1164 806 1232 τὴν
857 1166 1074 1233 φωνήν·
1131 1165 1200 1216 σὺ
1241 1160 1302 1216 δὲ
1349 1166 1428 1216 ἔτι
1475 1167 1676 1228 ζῶντος
1713 1167 1836 1216 Σω-

138 1255 374 1322 κράτους
408 1252 415 1325 Ι
451 1254 728 1316 ἐκκόπτεις
751 1254 853 1322 τὴν
883 1254 1094 1322 φωνήν.
1134 1250 1225 1305 καὶ
1257 1253 1310 1306 οἱ
1335 1249 1437 1322 μὲν
1467 1253 1625 1306 ἄλλοι
1656 1257 1758 1302 Mor
1773 1272 1818 1314 p.
1839 1262 1923 1301 228

138 1344 339 1406 πάντες
377 1344 668 1410 ἄνθρωποι
708 1340 1041 1411 ἄτυχοῦντές
1090 1342 1196 1394 εἰσι
1247 1343 1557 1412 λαλίστεροι
1605 1340 1695 1395 καὶ
1737 1344 1836 1395 τόν

139 1452 200 1501 γε
241 1434 490 1501 Κροίσου
529 1439 629 1484 τοῦ
670 1431 865 1483 Λυδοῦ
905 1443 1042 1499 φασι
1081 1430 1252 1483 παῖδα
1290 1430 1484 1498 κωφὸν
1524 1432 1658 1483 ὄντα
1704 1433 1836 1499 πρό-

137 1541 300 1590 τερον
339 1519 496 1590 ῥῆξαι
536 1521 732 1590 φωνὴν
773 1519 833 1572 ἐν
870 1527 934 1590 τῇ
974 1526 1074 1572 τοῦ
1121 1520 1325 1588 πατρὸς
1369 1526 1650 1591 συμφορᾷ·
1713 1524 1835 1573 Σω-
1861 1542 1902 1573 15

137 1610 340 1680 κράτης
380 1610 442 1663 δὲ
479 1611 649 1679 μόνος
686 1605 824 1678 μηδὲ
857 1608 1122 1678 ὀδύρηται
1154 1605 1293 1677 μηδὲ
1324 1607 1632 1680 άνακαλέσῃ
1664 1612 1836 1673 θεοὺς

138 1697 201 1753 ἐν
254 1707 318 1769 τῇ
373 1699 624 1769 παρούσῃ
680 1697 838 1768 τύχῃ;
908 1697 996 1749 22.
1050 1696 1118 1749 οὐ
1174 1699 1503 1766 Σωκρατικὰ
1564 1697 1667 1767 μέν
1721 1698 1834 1752 ἐστι

136 1795 333 1856 ταῦτα,
375 1787 536 1840 κοινὰ
577 1783 641 1839 δὲ
677 1786 768 1838 καὶ
807 1786 983 1858 τούτῳ
1025 1785 1319 1855 φυλακτέα.
1392 1786 1529 1840 ἀλλὰ
1575 1796 1688 1840 τῶν
1734 1785 1835 1856 μὲν

139 1877 322 1929 ἄλλων
361 1875 588 1938 ἕκαστος
625 1884 738 1928 τῶν
778 1874 838 1927 ἐν
876 1881 950 1947 τῷ
997 1875 1348 1947 δεσμωτηρίῳ
1400 1874 1704 1945 φθέγγεται
1743 1875 1832 1929 καὶ

139 1970 315 2031 λαλεῖ,
361 1963 466 2017 κᾶν
514 1965 734 2032 ἰδιώτης
779 1962 883 2016 κᾶν
930 1963 1260 2027 ἀπαίδευτος
1302 1957 1356 2034 ᾖ,
1408 1966 1644 2033 πλησίον
1683 1966 1835 2033 γενό-
1859 1987 1902 2018 20

137 2073 302 2122 μενος
340 2061 440 2107 τοῦ
480 2052 673 2116 τέλους
710 2050 802 2105 καὶ
838 2052 980 2123 ὑπὲρ
1022 2053 1195 2106 αὐτοῦ
1234 2061 1335 2107 τοῦ
1376 2054 1628 2107 θανάτου
1676 2058 1834 2122 φιλο-

259 2189 282 2226 2
310 2184 366 2228 cf.
392 2199 437 2241 p.
466 2188 565 2238 143,
582 2188 609 2228 8
734 2188 786 2227 11
820 2183 944 2241 11.ψ
978 2187 1033 2228 65
1051 2198 1118 2240 sq.
1245 2188 1299 2228 14
1330 2183 1437 2229 Her
1464 2185 1580 2241 185,
1599 2190 1624 2227 2

259 2307 283 2345 2
316 2299 387 2352 τίς
417 2303 463 2346 Β
600 2307 625 2345 3
661 2300 856 2357 ἀφήσων
886 2301 972 2358 τὴν
1003 2302 1160 2360 ψυχὴν
1192 2301 1361 2347 αὐτίκα
1394 2303 1482 2348 Μα
1532 2305 1538 2360 Ι
1588 2304 1753 2360 μηδενὶ
1784 2303 1834 2346 in

138 2359 214 2404 lac
246 2365 271 2404 6
304 2360 383 2405 lit-13
415 2375 491 2405 om
523 2362 569 2405 Β
638 2361 784 2417 μηδὲν
817 2362 907 2405 Μα
1027 2366 1055 2405 4
1095 2362 1202 2405 αὐτὶ
1233 2359 1278 2420 χ’
1315 2363 1376 2412 ὡς
1409 2364 1498 2407 Μα
1548 2365 1553 2419 Ι
1605 2362 1832 2435 ἀποθάνῃ

139 2419 305 2476 scripsi
337 2433 362 2464 e
393 2420 526 2464 libris
558 2420 691 2476 scdv]
717 2420 767 2463 in
791 2436 836 2464 οι
862 2433 962 2464 corr
987 2420 1050 2463 M
1123 2419 1366 2465 ἀποθάνοι
1383 2421 1484 2464 Mor
1629 2427 1681 2465 11
1710 2420 1834 2479 ὄμμα

140 2478 252 2522 olim
284 2479 463 2523 conieci
501 2479 620 2523 Mus.
653 2479 799 2523 Rhen.
832 2478 1004 2522 XXXII
1036 2483 1091 2523 88
1246 2485 1300 2524 12
1341 2479 1525 2537 φωνήν·
1568 2483 1657 2525 Μα
1688 2481 1790 2525 Μοι·
1825 2483 1829 2538 ζ

138 2539 217 2582 καὶ
251 2552 325 2582 om
358 2539 403 2582 B
452 2541 459 2595 Ι
510 2537 592 2594 μὲν
632 2538 720 2595 γὰρ
754 2540 845 2583 Μα
990 2543 1044 2581 13
1083 2537 1256 2590 πάντες
1279 2566 1333 2572 -
1362 2544 1417 2583 15
1458 2544 1684 2613 συμφορᾷ
1718 2541 1835 2584 citat

139 2596 299 2640 Macar
329 2597 396 2642 fol
427 2601 508 2641 8'1v
634 2602 686 2640 14
718 2613 768 2654 γε
799 2597 849 2640 in
880 2610 955 2640 ras
990 2597 1102 2642 Ma'
1128 2600 1134 2654 Ι
1162 2605 1242 2642 τοῦ
1275 2613 1351 2643 om
1386 2601 1474 2643 Ma
1501 2601 1507 2655 Ι
1534 2585 1687 2643 παῖδόὶ
1717 2613 1834 2655 φασι

139 2654 300 2699 Macar
375 2671 490 2712 φασι
522 2670 598 2701 om
632 2658 720 2701 Ma
850 2661 903 2699 15
936 2655 1021 2713 τὴν
1052 2659 1161 2700 ante
1194 2657 1357 2713 φωνὴν
1389 2657 1491 2701 Mor
1559 2658 1710 2702 delevi
1742 2658 1834 2702 coll

139 2714 750 2771 t.,114001etflor1..1
803 2715 1032 2770 ΙέπὶΜ
1173 2721 1226 2759 16
1267 2717 1692 2774 μὴδὲ(161;2)Β

142 2777 195 2816 17
221 2774 298 2819 ἐπὶ
323 2775 384 2818 Μ
407 2777 414 2831 Ι
441 2775 575 2848 τύγφῃ
609 2774 774 2829 scripsi
799 2787 824 2818 e
851 2775 939 2819 Ma
999 2774 1082 2831 τύχ
1125 2777 1267 2820 ·ΜΒ
1293 2776 1395 2820 Mor
1518 2780 1572 2820 18
1597 2775 1833 2832 φυλακτέα

141 2833 305 2890 scripsi
382 2836 661 2889 φυλαττεται
703 2833 814 2876 libri
857 2833 939 2877 sed
982 2847 1066 2889 pro
1085 2791 1161 2877 ῃαι
1203 2834 1276 2878 lac
1319 2840 1344 2878 2
1378 2834 1457 2878 litt
1488 2836 1555 2888 B,
1591 2835 1693 2878 Mor

143 2895 195 2933 19
230 2891 528 2949 φθέγγεσθαι
559 2892 640 2937 καὶ
670 2894 825 2936 λαλεῖν
853 2893 989 2936 ΜαΒ
1110 2897 1166 2936 20
1190 2892 1386 2950 πλησίον
1411 2920 1466 2926 --
1492 2899 1546 2937 21
1572 2893 1730 2944 τέλους
1753 2895 1833 2937 καὶ

141 2963 216 2992 om
241 2952 286 2994 Β
408 2956 461 2994 21
497 2953 613 3006 φασὶ
638 2954 888 3007 φιλοσοφεῖ
919 2953 1005 2995 Ma.
1068 2953 1184 3006 φασὶ
1217 2956 1492 3008 φιλοσοφεῖν
1522 2954 1566 2996 Β
