2026 3192
201 129 308 181 518
691 128 919 172 LIBANII
948 127 1340 173 DEOLAMATIO
1365 129 1429 171 XI

201 267 286 317 δεῖ
324 275 439 327 τοῖς
477 266 834 332 γεγεννηκόσι
875 264 1082 333 φέρειν.
1121 266 1228 333 πρὸ
1268 261 1371 333 μὲν
1411 260 1514 317 οὖν
1551 272 1651 318 τοῦ
1688 266 1893 333 δεσμοῦ

201 355 293 407 διὰ
332 363 444 406 τῶν
483 355 666 406 ἄλλων
705 354 804 405 τὸν
849 352 1057 422 πατέρα
1103 351 1449 421 ἐθεράπευον
1495 351 1584 405 καὶ
1632 353 1733 406 οὐκ
1781 353 1894 421 ἐγε-

200 445 376 511 νόμην
417 442 662 495 ἐνταῦθα
701 444 879 506 κακός,
920 440 948 494 ὁ
989 441 1051 494 δὲ
1082 448 1189 494 νῦν
1221 442 1411 508 καιρὸς
1442 442 1648 509 ταύτην
1680 442 1895 494 ἀπαιτεῖ

199 532 300 597 τὴν
337 532 656 597 θεραπείαν.
739 530 822 583 15.
864 529 1098 594 δέξασθε
1139 531 1206 597 δή
1244 549 1309 596 με
1341 537 1415 602 τῷ
1449 532 1600 602 νόμω
1639 532 1893 597 πειθόμε-

155 641 174 673 5
201 640 302 673 νον
348 620 438 672 καὶ
484 627 580 687 τῆς
630 622 840 682 πόλεως
894 619 985 671 καὶ
1039 626 1133 686 τῆς
1190 620 1432 680 Φύσεως.
1487 625 1780 687 νομοθετεῖ
1833 616 1894 671 δὲ

199 708 334 776 αὕτη
375 715 546 761 ταῦτα
583 706 674 760 καὶ
713 717 830 771 τοῖς
869 710 1104 778 θηρίοις.
1144 708 1232 759 καὶ
1273 706 1488 777 ὁρῶμεν
1528 708 1595 775 δὴ
1628 715 1723 775 τῆς
1753 711 1893 760 θεοῦ

114 810 118 814 “
197 796 288 850 καὶ
335 796 397 851 ἐν
443 796 672 859 ἐκείνοις
718 807 834 860 τοῖς
881 796 1064 864 γένεσι
1110 797 1211 864 τὴν
1260 796 1434 865 ἰσχύν.
1483 797 1517 867 ᾑ
1563 798 1894 865 πειθόμενος

132 1085 174 1117 10

199 887 415 949 Πύλιός
452 906 535 949 τις
573 889 862 948 νεανίσκος
902 883 990 938 ἐπὶ
1031 886 1128 938 τὸν
1167 884 1372 952 πατέρα
1411 886 1627 952 πληγὴν
1668 884 1895 953 φερομέ-

198 995 303 1043 νην
358 976 497 1028 ἰδὼν
549 983 624 1047 τῷ
674 978 867 1043 στήθει
921 975 1127 1042 ταύτην
1189 972 1482 1042 δεξάμενος
1543 974 1731 1043 ἐκείνῳ
1793 973 1895 1042 μὲν

199 1065 404 1117 ἔδωκεν
457 1066 646 1117 οἴκαδε
693 1064 1044 1131 ἐπανελθεῖν,
1101 1063 1262 1124 αὐτὸς
1318 1063 1379 1115 δὲ
1433 1061 1495 1115 ἐν
1540 1063 1772 1132 πολεμίᾳ
1825 1070 1893 1132 γῇ

197 1154 445 1222 κείμενος
491 1153 823 1222 ἀείμνηστον
870 1154 979 1221 ἔχει
1035 1153 1096 1204 τὸ
1144 1150 1312 1214 κλεός.
1369 1159 1532 1204 τοῦτο
1585 1149 1675 1203 καὶ
1703 1160 1705 1162 ’
1731 1151 1895 1212 αὐτὸς

198 1242 268 1294 ἂν
315 1241 376 1295 ἐν
423 1242 635 1311 ὁμοίοις
681 1242 965 1303 κινδύνοις
1011 1239 1242 1308 ἐποίησα
1289 1238 1377 1292 καὶ
1428 1240 1529 1292 οὐκ
1580 1238 1650 1292 ἂν
1691 1241 1895 1309 ὤφθην

197 1333 403 1383 κακίων
450 1331 478 1384 ὁ
528 1330 818 1399 Ἀθηναῖος
871 1337 972 1382 τοῦ
1029 1331 1263 1382 Πυλίου.
1317 1325 1456 1397 ὑπὲρ
1514 1325 1580 1381 οὗ
1637 1324 1739 1381 οὗν
1792 1329 1894 1395 τὴν

109 1424 229 1468 RIV
247 1429 330 1468 341
379 1421 563 1488 ψυχὴν
598 1426 604 1483 Ι
641 1421 862 1481 εἰκότως
908 1418 979 1471 ἂν
1024 1419 1308 1486 προείμην,
1357 1415 1487 1469 ἐνὸν
1536 1420 1709 1481 ζῶντα
1751 1416 1894 1485 ὠφε-

133 1530 174 1562 15

132 1972 175 2004 20

199 1512 317 1562 λεῖν
348 1517 448 1561 τοῦ
480 1510 728 1577 σώματος
762 1507 822 1560 ἐν
854 1507 1063 1576 ἀνάγκη
1097 1508 1303 1574 δεσμοῦ
1336 1509 1619 1574 φείσομαι;
1663 1507 1745 1558 16.
1777 1508 1893 1558 καί-

197 1617 282 1650 τοι
329 1598 499 1651 καλὸν
553 1597 653 1666 μὲν
707 1595 799 1649 καὶ
849 1597 909 1648 τὸ
964 1603 1065 1649 τοῦ
1116 1594 1451 1663 Ἀντιλόχου,
1506 1596 1782 1647 πλειόνων
1837 1593 1883 1645 δ’

199 1686 437 1740 ἐπαίνων
477 1684 632 1749 ἄξιον
678 1684 768 1738 καὶ
811 1687 873 1738 τὸ
925 1695 1160 1753 γυναῖκα
1206 1680 1344 1753 ὑπὲρ
1393 1683 1595 1752 ἀνδρὸς
1634 1681 1892 1750 ἐθελῆσαι

199 1779 473 1829 τελευτᾶν.
513 1774 726 1843 ὁρῶμέν
766 1794 827 1842 γε
868 1775 1158 1843 δήπουθεν
1196 1772 1258 1826 ἐν
1296 1781 1414 1835 ταῖς
1462 1773 1792 1842 τραγῳδίαις
1831 1773 1892 1823 τὸ

199 1861 430 1932 ἐμφερὲς
475 1871 571 1932 τῆς
609 1863 957 1932 Άλκήστιδος
1003 1860 1183 1931 ἔργον.
1240 1864 1291 1914 εί
1340 1858 1442 1928 μὲν
1489 1857 1592 1914 οὖν
1645 1858 1734 1913 καὶ
1786 1866 1893 1912 νῦν

199 1958 351 2005 θεῶν
399 1973 481 2015 τις
527 1950 597 2021 ἧν
637 1952 665 2005 ὁ
713 1953 968 2022 πράττων
1016 1951 1177 2020 ὅμοια
1224 1960 1339 2012 τοῖς
1385 1952 1530 2011 τότε,
1576 1950 1785 2018 χαίρων
1824 1947 1893 1999 ὀὲν

320 2103 345 2140 5
378 2098 434 2142 cf.
460 2100 494 2141 t.
513 2098 576 2142 IV
601 2102 702 2153 360,
720 2103 773 2141 21
793 2097 847 2141 Β..
881 2096 1083 2142 Gothein
1106 2096 1276 2140 Archiv
1307 2096 1337 2139 f.
1372 2095 1670 2151 Religionsw.
1695 2093 1758 2136 IX
1792 2098 1890 2137 337.

200 2157 510 2201 Preisendanz
533 2157 699 2201 Philol.
717 2156 882 2200 LXVII
899 2161 985 2200 474
1122 2161 1146 2198 8
1186 2155 1465 2199 Antilochus
1499 2155 1556 2197 cf.
1588 2153 1721 2196 Pind.
1754 2152 1889 2208 Pyth.

201 2216 264 2259 VI
297 2221 352 2260 28
370 2231 437 2272 sq.
473 2216 555 2268 Qu.
582 2216 761 2272 Smyrn.
787 2216 1011 2271 11243sq.
1137 2221 1188 2258 11
1217 2214 1273 2257 of.
1299 2230 1343 2270 p.
1372 2219 1470 2267 386,
1493 2219 1512 2256 1
1544 2216 1550 2269 1
1579 2212 1635 2256 cf.
1658 2214 1690 2255 b.
1716 2213 1737 2255 I
1754 2215 1889 2265 503‚9

320 2280 376 2318 20
408 2275 515 2319 Eur.
549 2275 647 2319 Alc.
679 2280 732 2318 10
751 2290 816 2330 sq.

323 2414 344 2451 1
381 2406 646 2466 γεγενηκόσι
673 2409 713 2451 L
745 2408 812 2451 Re
840 2408 849 2475 l
876 2410 951 2451 δεῖ
979 2409 1087 2464 posi}
1119 2405 1278 2462 φέρειν
1314 2407 1369 2449 Vi
1504 2410 1531 2449 4
1562 2409 1624 2464 τῷ
1657 2402 1782 2463 νόμῳ
1816 2417 1890 2446 om

213 2470 269 2512 Vi
411 2473 436 2512 5
473 2468 656 2518 Φύσεως
687 2467 853 2523 scripm
930 2467 1111 2522 φύσεως
1141 2465 1252 2509 libri
1285 2465 1375 2508 edd
1520 2469 1544 2508 6
1578 2463 1692 2519 αὕτη
1726 2462 1891 2518 scripsi

203 2529 392 2570 auctore
424 2527 491 2571 Re
554 2527 669 2583 αὐτὴ
700 2526 810 2570 libri
842 2526 932 2569 edd
975 2527 981 2582 1
1024 2525 1075 2570 δὲ
1107 2525 1211 2568 coni
1243 2524 1310 2568 Re
1353 2526 1358 2581 Ι
1401 2531 1483 2568 τοῦ
1519 2524 1574 2567 Vi
1695 2527 1720 2565 8
1744 2520 1892 2576 ’ξίφος

203 2583 460 2642 φερόμενον
505 2588 551 2629 et
595 2591 619 2629 9
663 2592 798 2630 τοῦτο
841 2586 897 2629 Vi
1045 2588 1099 2627 10
1143 2584 1412 2629 ἐπενελθεῖν
1457 2584 1512 2627 Vi
1588 2583 1812 2626 ἀπελθεῖν
1845 2582 1890 2624 Β

207 2646 210 2699 ξ
263 2643 307 2688 δ’
338 2646 448 2689 Lau
480 2645 571 2688 edd
717 2649 769 2688 12
814 2644 1053 2693 κινδύνοις
1093 2657 1167 2687 om
1192 2644 1221 2685 1
1364 2646 1417 2684 13
1462 2638 1546 2685 οὖν
1587 2654 1660 2684 om
1693 2641 1751 2683 Vi

206 2709 259 2747 14
293 2702 480 2755 εἰκότως
508 2703 594 2759 τὴν
625 2703 782 2761 ψυχὴν
805 2704 840 2746 Ι
874 2704 880 2758 Ι
922 2701 1175 2757 προσήκειν
1209 2703 1264 2746 Vi
1298 2703 1303 2757 Ι
1346 2708 1511 2745 τοῦτον
1544 2701 1650 2743 ante
1683 2699 1789 2742 ἐνὸν
1821 2697 1890 2740 in-

204 2762 445 2806 serendum
482 2764 529 2805 eb
559 2770 639 2807 τοῦ
674 2763 882 2818 σώματος
915 2761 1048 2811 ὄντος
1080 2761 1129 2805 ἐν
1161 2759 1342 2819 ἀνάγκη
1368 2762 1538 2815 δεσμοῦ
1565 2759 1761 2814 ἐμαυτοῦ
1788 2754 1888 2812 φεί-

195 2835 362 2876 ·σομαι;
407 2821 498 2878 (vel
541 2823 709 2877 δεσμοῦ
755 2822 809 2865 οὗ
854 2818 1089 2876 φείσομαι)
1130 2819 1424 2863 scribendum
1464 2818 1566 2862 coni
1600 2816 1755 2861 Gasda

206 2884 260 2922 16
293 2879 344 2924 δὲ
371 2882 414 2924 Β
560 2885 612 2923 17
653 2880 705 2924 τὸ
749 2880 829 2923 καὶ
855 2880 1010 2923 BLau
1155 2882 1208 2921 18
1253 2894 1301 2934 γε
1341 2877 1504 2933 scripsi
1543 2890 1567 2919 e
1602 2877 1658 2919 Vi
1700 2877 1887 2918 auctore

206 2938 361 2982 Gasda
423 2937 473 2982 δὲ
498 2939 730 2983 BLILau
759 2938 851 2981 edd
945 2942 998 2980 19
1032 2934 1116 2981 οὖν
1149 2952 1223 2980 om
1258 2938 1315 2980 Vi
