<?xml version="1.0" encoding="UTF-8"?>
<!DOCTYPE html PUBLIC "-//W3C//DTD XHTML 1.0 Transitional//EN"
    "http://www.w3.org/TR/xhtml1/DTD/xhtml1-transitional.dtd">
<html xmlns="http://www.w3.org/1999/xhtml" xml:lang="en" lang="en">
 <head>
  <title>
</title>
<meta http-equiv="Content-Type" content="text/html;charset=utf-8" />
  <meta name='ocr-system' content='tesseract 3.04.00' />
  <meta name='ocr-capabilities' content='ocr_page ocr_carea ocr_par ocr_line ocrx_word'/>
</head>
<body>
  <div class='ocr_page' id='page_1' title='image "./operarecensuitri05libauoft/operarecensuitri05libauoft_0115.png"; bbox 0 0 2054 3192; ppageno 0'>
   <div class='ocr_carea' id='block_1_1' title="bbox 569 156 1854 209">
    <p class='ocr_par' dir='ltr' id='par_1_1' title="bbox 569 156 1854 209">
     <span class='ocr_line' id='line_1_1' title="bbox 569 156 1854 209; baseline 0.007 -8"><span class='ocrx_word' id='word_1_1' title='bbox 569 157 798 202; x_wconf 85' lang='lat' dir='ltr'><strong>LIBANII</strong></span> <span class='ocrx_word' id='word_1_2' title='bbox 829 156 1134 202; x_wconf 85' lang='lat' dir='ltr'>APOLOGIA</span> <span class='ocrx_word' id='word_1_3' title='bbox 1167 156 1452 201; x_wconf 84' lang='lat' dir='ltr'><strong>SOCRATIS</strong></span> <span class='ocrx_word' id='word_1_4' title='bbox 1745 157 1854 209; x_wconf 80' lang='grc'><em>105</em></span> 
     </span>
    </p>
   </div>
   <div class='ocr_carea' id='block_1_2' title="bbox 156 293 1930 1966">
    <p class='ocr_par' dir='ltr' id='par_1_2' title="bbox 156 293 1855 542">
     <span class='ocr_line' id='line_1_2' title="bbox 159 293 1855 363; baseline -0.001 -16"><span class='ocrx_word' id='word_1_5' title='bbox 159 294 367 348; x_wconf 88' lang='grc' dir='ltr'><em>οὐκοῦν</em></span> <span class='ocrx_word' id='word_1_6' title='bbox 428 295 606 363; x_wconf 77' lang='grc' dir='ltr'><em>ἄνδρα</em></span> <span class='ocrx_word' id='word_1_7' title='bbox 660 295 968 347; x_wconf 88' lang='grc' dir='ltr'><em>σπουδαῖον</em></span> <span class='ocrx_word' id='word_1_8' title='bbox 1023 293 1260 362; x_wconf 84' lang='grc' dir='ltr'><em>ἡγοῦντο</em></span> <span class='ocrx_word' id='word_1_9' title='bbox 1316 294 1415 346; x_wconf 91' lang='grc' dir='ltr'><em>τὸν</em></span> <span class='ocrx_word' id='word_1_10' title='bbox 1469 293 1855 362; x_wconf 84' lang='grc' dir='ltr'><em>ὁμολογοῦντα</em></span> 
     </span>
     <span class='ocr_line' id='line_1_3' title="bbox 158 379 1852 455; baseline -0.001 -19"><span class='ocrx_word' id='word_1_11' title='bbox 158 382 554 452; x_wconf 78' lang='grc' dir='ltr'><em>συγγεγονέναι</em></span> <span class='ocrx_word' id='word_1_12' title='bbox 600 390 675 455; x_wconf 77' lang='grc' dir='ltr'><em>τῷ</em></span> <span class='ocrx_word' id='word_1_13' title='bbox 716 390 954 452; x_wconf 81' lang='grc' dir='ltr'><em>σοφιστῇ</em></span> <span class='ocrx_word' id='word_1_14' title='bbox 994 381 1085 435; x_wconf 86' lang='grc' dir='ltr'><em>καὶ</em></span> <span class='ocrx_word' id='word_1_15' title='bbox 1126 379 1197 436; x_wconf 87' lang='grc' dir='ltr'><em>δι’</em></span> <span class='ocrx_word' id='word_1_16' title='bbox 1244 383 1379 435; x_wconf 83' lang='grc' dir='ltr'><em>αὐτό</em></span> <span class='ocrx_word' id='word_1_17' title='bbox 1416 402 1477 450; x_wconf 88' lang='grc' dir='ltr'><em>γε</em></span> <span class='ocrx_word' id='word_1_18' title='bbox 1517 390 1681 435; x_wconf 89' lang='grc' dir='ltr'><em>τοῦτο</em></span> <span class='ocrx_word' id='word_1_19' title='bbox 1721 385 1852 450; x_wconf 90' lang='grc' dir='ltr'><em>βοη-</em></span> 
     </span>
     <span class='ocr_line' id='line_1_4' title="bbox 156 471 958 542; baseline -0.002 -16"><span class='ocrx_word' id='word_1_20' title='bbox 156 478 391 540; x_wconf 87' lang='grc' dir='ltr'><em>θοῦντα,</em></span> <span class='ocrx_word' id='word_1_21' title='bbox 430 473 575 526; x_wconf 83' lang='grc' dir='ltr'><em>διότι</em></span> <span class='ocrx_word' id='word_1_22' title='bbox 618 471 958 542; x_wconf 86' lang='grc' dir='ltr'><em>συγγένοιτο.</em></span> 
     </span>
    </p>

    <p class='ocr_par' dir='ltr' id='par_1_3' title="bbox 158 559 1930 1342">
     <span class='ocr_line' id='line_1_5' title="bbox 273 559 1851 634; baseline -0.001 -20"><span class='ocrx_word' id='word_1_23' title='bbox 273 561 392 614; x_wconf 82' lang='lat'>157.</span> <span class='ocrx_word' id='word_1_24' title='bbox 431 559 643 628; x_wconf 80' lang='grc' dir='ltr'><em>Δάμων</em></span> <span class='ocrx_word' id='word_1_25' title='bbox 682 560 767 629; x_wconf 84' lang='grc' dir='ltr'><em>δέ,</em></span> <span class='ocrx_word' id='word_1_26' title='bbox 816 562 867 614; x_wconf 86' lang='grc' dir='ltr'><em>εί</em></span> <span class='ocrx_word' id='word_1_27' title='bbox 902 560 1004 627; x_wconf 79' lang='grc' dir='ltr'><em>μὲν</em></span> <span class='ocrx_word' id='word_1_28' title='bbox 1042 561 1246 629; x_wconf 85' lang='grc' dir='ltr'><em>ἠδίκει,</em></span> <span class='ocrx_word' id='word_1_29' title='bbox 1292 564 1470 623; x_wconf 87' lang='grc' dir='ltr'><em>καλῶς</em></span> <span class='ocrx_word' id='word_1_30' title='bbox 1493 559 1851 634; x_wconf 25' lang='grc' dir='ltr'><em>,ἐκβέβληταν</em></span> 
     </span>
     <span class='ocr_line' id='line_1_6' title="bbox 158 645 1927 725; baseline -0.001 -22"><span class='ocrx_word' id='word_1_31' title='bbox 158 652 206 703; x_wconf 81' lang='grc' dir='ltr'><em>εἰ</em></span> <span class='ocrx_word' id='word_1_32' title='bbox 246 648 298 702; x_wconf 85' lang='grc' dir='ltr'><em>δ’</em></span> <span class='ocrx_word' id='word_1_33' title='bbox 342 648 796 725; x_wconf 76' lang='grc' dir='ltr'><em>ἐσυκοφαντεῖτο,</em></span> <span class='ocrx_word' id='word_1_34' title='bbox 844 657 1094 719; x_wconf 87' lang='grc' dir='ltr'><em>κρεῖττον</em></span> <span class='ocrx_word' id='word_1_35' title='bbox 1140 645 1210 717; x_wconf 78' lang='grc' dir='ltr'><em>ἦν</em></span> <span class='ocrx_word' id='word_1_36' title='bbox 1259 647 1387 718; x_wconf 85' lang='grc' dir='ltr'><em>μηδ’</em></span> <span class='ocrx_word' id='word_1_37' title='bbox 1434 648 1648 702; x_wconf 86' lang='grc' dir='ltr'><em>ἐκεῖνον</em></span> <span class='ocrx_word' id='word_1_38' title='bbox 1687 657 1851 702; x_wconf 90' lang='grc' dir='ltr'><em>τοῦτο</em></span> <span class='ocrx_word' id='word_1_39' title='bbox 1899 669 1927 702; x_wconf 75' lang='lat'>5</span> 
     </span>
     <span class='ocr_line' id='line_1_7' title="bbox 159 737 1843 807; baseline -0.001 -15"><span class='ocrx_word' id='word_1_40' title='bbox 159 744 367 792; x_wconf 78' lang='grc' dir='ltr'><em>παθεῖν</em></span> <span class='ocrx_word' id='word_1_41' title='bbox 405 738 439 807; x_wconf 80' lang='grc' dir='ltr'>ἢ</span> <span class='ocrx_word' id='word_1_42' title='bbox 473 738 546 792; x_wconf 90' lang='grc' dir='ltr'><em>δι’</em></span> <span class='ocrx_word' id='word_1_43' title='bbox 584 738 798 792; x_wconf 89' lang='grc' dir='ltr'><em>ἐκεῖνον</em></span> <span class='ocrx_word' id='word_1_44' title='bbox 836 739 926 791; x_wconf 82' lang='grc' dir='ltr'><em>καὶ</em></span> <span class='ocrx_word' id='word_1_45' title='bbox 959 739 1280 807; x_wconf 77' lang='grc' dir='ltr'><em>Σωκράτην.</em></span> <span class='ocrx_word' id='word_1_46' title='bbox 1350 739 1528 791; x_wconf 84' lang='grc' dir='ltr'><em>καίτοι</em></span> <span class='ocrx_word' id='word_1_47' title='bbox 1562 737 1734 807; x_wconf 89' lang='grc' dir='ltr'><em>φησὶν</em></span> <span class='ocrx_word' id='word_1_48' title='bbox 1766 737 1843 791; x_wconf 90' lang='grc' dir='ltr'><em>ἐπ’</em></span> 
     </span>
     <span class='ocr_line' id='line_1_8' title="bbox 160 824 1852 896; baseline 0 -16"><span class='ocrx_word' id='word_1_49' title='bbox 160 827 443 881; x_wconf 79' lang='grc' dir='ltr'><em>ἐλάττοσιν</em></span> <span class='ocrx_word' id='word_1_50' title='bbox 482 829 681 890; x_wconf 82' lang='grc' dir='ltr'><em>αἰτίαις</em></span> <span class='ocrx_word' id='word_1_51' title='bbox 714 826 1042 896; x_wconf 82' lang='grc' dir='ltr'><em>ἐξελαθῆναι</em></span> <span class='ocrx_word' id='word_1_52' title='bbox 1081 828 1179 880; x_wconf 90' lang='grc' dir='ltr'><em>τὸν</em></span> <span class='ocrx_word' id='word_1_53' title='bbox 1210 825 1474 896; x_wconf 90' lang='grc' dir='ltr'><em>Δάμωνα,</em></span> <span class='ocrx_word' id='word_1_54' title='bbox 1507 824 1588 879; x_wconf 80' lang='grc' dir='ltr'><em>ἔτι</em></span> <span class='ocrx_word' id='word_1_55' title='bbox 1622 828 1682 881; x_wconf 81' lang='grc' dir='ltr'><em>δὲ</em></span> <span class='ocrx_word' id='word_1_56' title='bbox 1714 828 1852 895; x_wconf 83' lang='grc' dir='ltr'><em>μηδὲ</em></span> 
     </span>
     <span class='ocr_line' id='line_1_9' title="bbox 158 916 1855 986; baseline -0.001 -16"><span class='ocrx_word' id='word_1_57' title='bbox 158 917 267 970; x_wconf 88' lang='grc' dir='ltr'><em>ὑπὸ</em></span> <span class='ocrx_word' id='word_1_58' title='bbox 321 926 433 970; x_wconf 94' lang='grc' dir='ltr'><em>τῶν</em></span> <span class='ocrx_word' id='word_1_59' title='bbox 488 916 708 986; x_wconf 79' lang='grc' dir='ltr'><em>ἐχθρῶν</em></span> <span class='ocrx_word' id='word_1_60' title='bbox 763 918 947 970; x_wconf 81' lang='grc' dir='ltr'><em>αἰτίαν</em></span> <span class='ocrx_word' id='word_1_61' title='bbox 1000 923 1100 969; x_wconf 92' lang='grc' dir='ltr'><em>τοῦ</em></span> <span class='ocrx_word' id='word_1_62' title='bbox 1162 916 1458 969; x_wconf 81' lang='grc' dir='ltr'><em>καταλύειν</em></span> <span class='ocrx_word' id='word_1_63' title='bbox 1518 916 1618 970; x_wconf 88' lang='grc' dir='ltr'><em>τὸν</em></span> <span class='ocrx_word' id='word_1_64' title='bbox 1677 917 1855 984; x_wconf 85' lang='grc' dir='ltr'><em>δῆμον</em></span> 
     </span>
     <span class='ocr_line' id='line_1_10' title="bbox 162 1002 1856 1075; baseline 0 -17"><span class='ocrx_word' id='word_1_65' title='bbox 162 1009 369 1074; x_wconf 85' lang='grc' dir='ltr'><em>λαβεῖν,</em></span> <span class='ocrx_word' id='word_1_66' title='bbox 409 1007 590 1074; x_wconf 84' lang='grc' dir='ltr'><em>ὥσπερ</em></span> <span class='ocrx_word' id='word_1_67' title='bbox 631 1006 730 1059; x_wconf 92' lang='grc' dir='ltr'><em>τὸν</em></span> <span class='ocrx_word' id='word_1_68' title='bbox 759 1006 887 1058; x_wconf 84' lang='grc' dir='ltr'><em>νυνὶ</em></span> <span class='ocrx_word' id='word_1_69' title='bbox 919 1007 1263 1075; x_wconf 82' lang='grc' dir='ltr'><em>κρινόμενον.</em></span> <span class='ocrx_word' id='word_1_70' title='bbox 1317 1002 1433 1058; x_wconf 81' lang='grc' dir='ltr'><em>ἔστι</em></span> <span class='ocrx_word' id='word_1_71' title='bbox 1466 1005 1527 1058; x_wconf 83' lang='grc' dir='ltr'><em>δὲ</em></span> <span class='ocrx_word' id='word_1_72' title='bbox 1558 1013 1721 1058; x_wconf 86' lang='grc' dir='ltr'><em>τοῦτο</em></span> <span class='ocrx_word' id='word_1_73' title='bbox 1754 1006 1856 1074; x_wconf 81' lang='grc' dir='ltr'><em>μὲν</em></span> 
     </span>
     <span class='ocr_line' id='line_1_11' title="bbox 159 1093 1930 1164; baseline -0.001 -16"><span class='ocrx_word' id='word_1_74' title='bbox 159 1098 452 1164; x_wconf 85' lang='grc' dir='ltr'><em>τεκμήριον</em></span> <span class='ocrx_word' id='word_1_75' title='bbox 504 1103 605 1148; x_wconf 89' lang='grc' dir='ltr'><em>τοῦ</em></span> <span class='ocrx_word' id='word_1_76' title='bbox 659 1094 1038 1163; x_wconf 80' lang='grc' dir='ltr'><em>μετριωτέρων</em></span> <span class='ocrx_word' id='word_1_77' title='bbox 1094 1093 1308 1148; x_wconf 83' lang='grc' dir='ltr'><em>ἐκεῖνον</em></span> <span class='ocrx_word' id='word_1_78' title='bbox 1363 1093 1584 1163; x_wconf 82' lang='grc' dir='ltr'><em>ἐχθρῶν</em></span> <span class='ocrx_word' id='word_1_79' title='bbox 1649 1103 1853 1163; x_wconf 88' lang='grc' dir='ltr'><em>τυχεῖν,</em></span> <span class='ocrx_word' id='word_1_80' title='bbox 1881 1114 1930 1146; x_wconf 78' lang='lat'><em>10</em></span> 
     </span>
     <span class='ocr_line' id='line_1_12' title="bbox 159 1181 1855 1252; baseline -0.001 -15"><span class='ocrx_word' id='word_1_81' title='bbox 159 1185 359 1237; x_wconf 83' lang='grc' dir='ltr'><em>κωλύει</em></span> <span class='ocrx_word' id='word_1_82' title='bbox 414 1184 476 1237; x_wconf 82' lang='grc' dir='ltr'><em>δὲ</em></span> <span class='ocrx_word' id='word_1_83' title='bbox 529 1181 697 1237; x_wconf 74' lang='grc' dir='ltr'><em>οὐδὲν</em></span> <span class='ocrx_word' id='word_1_84' title='bbox 751 1183 954 1237; x_wconf 80' lang='grc' dir='ltr'><em>ἐλάττω</em></span> <span class='ocrx_word' id='word_1_85' title='bbox 1010 1203 1067 1237; x_wconf 90' lang='grc' dir='ltr'><em>τε</em></span> <span class='ocrx_word' id='word_1_86' title='bbox 1123 1185 1347 1246; x_wconf 80' lang='grc' dir='ltr'><em>δικαίως</em></span> <span class='ocrx_word' id='word_1_87' title='bbox 1397 1186 1718 1252; x_wconf 81' lang='grc' dir='ltr'><em>αἰτιαθῆναι</em></span> <span class='ocrx_word' id='word_1_88' title='bbox 1764 1182 1855 1236; x_wconf 86' lang='grc' dir='ltr'><em>καὶ</em></span> 
     </span>
     <span class='ocr_line' id='line_1_13' title="bbox 159 1274 873 1342; baseline -0.001 -16"><span class='ocrx_word' id='word_1_89' title='bbox 159 1275 318 1340; x_wconf 83' lang='grc' dir='ltr'><em>μείζω</em></span> <span class='ocrx_word' id='word_1_90' title='bbox 358 1274 431 1342; x_wconf 88' lang='grc' dir='ltr'><em>μὴ</em></span> <span class='ocrx_word' id='word_1_91' title='bbox 468 1275 873 1342; x_wconf 82' lang='grc' dir='ltr'><em>προσηκόντως.</em></span> 
     </span>
    </p>

    <p class='ocr_par' dir='ltr' id='par_1_4' title="bbox 160 1360 1929 1966">
     <span class='ocr_line' id='line_1_14' title="bbox 276 1360 1856 1431; baseline 0 -17"><span class='ocrx_word' id='word_1_92' title='bbox 276 1361 396 1415; x_wconf 82' lang='lat'>158.</span> <span class='ocrx_word' id='word_1_93' title='bbox 457 1361 615 1415; x_wconf 83' lang='grc' dir='ltr'><em>Άλλὰ</em></span> <span class='ocrx_word' id='word_1_94' title='bbox 678 1363 782 1431; x_wconf 82' lang='grc' dir='ltr'><em>γὰρ</em></span> <span class='ocrx_word' id='word_1_95' title='bbox 845 1363 928 1424; x_wconf 90' lang='grc' dir='ltr'><em>τίς</em></span> <span class='ocrx_word' id='word_1_96' title='bbox 990 1362 1092 1414; x_wconf 85' lang='grc' dir='ltr'><em>οὐκ</em></span> <span class='ocrx_word' id='word_1_97' title='bbox 1154 1360 1224 1414; x_wconf 77' lang='grc' dir='ltr'><em>ἂν</em></span> <span class='ocrx_word' id='word_1_98' title='bbox 1287 1361 1558 1426; x_wconf 83' lang='grc' dir='ltr'><em>στενάξειε</em></span> <span class='ocrx_word' id='word_1_99' title='bbox 1620 1363 1856 1424; x_wconf 88' lang='grc' dir='ltr'><em>Βίαντος</em></span> 
     </span>
     <span class='ocr_line' id='line_1_15' title="bbox 160 1449 1856 1520; baseline 0 -16"><span class='ocrx_word' id='word_1_100' title='bbox 160 1461 340 1514; x_wconf 86' lang='grc' dir='ltr'><em>κακῶς</em></span> <span class='ocrx_word' id='word_1_101' title='bbox 380 1451 707 1520; x_wconf 81' lang='grc' dir='ltr'><em>ἀκούοντος,</em></span> <span class='ocrx_word' id='word_1_102' title='bbox 746 1458 848 1504; x_wconf 85' lang='grc' dir='ltr'><em>τοῦ</em></span> <span class='ocrx_word' id='word_1_103' title='bbox 887 1452 1149 1513; x_wconf 82' lang='grc' dir='ltr'><em>Σόλωνος</em></span> <span class='ocrx_word' id='word_1_104' title='bbox 1189 1449 1435 1520; x_wconf 82' lang='grc' dir='ltr'><em>ἑταίρου,</em></span> <span class='ocrx_word' id='word_1_105' title='bbox 1474 1451 1646 1519; x_wconf 88' lang='grc' dir='ltr'><em>&lt;τοῦ&gt;</em></span> <span class='ocrx_word' id='word_1_106' title='bbox 1685 1453 1856 1519; x_wconf 86' lang='grc' dir='ltr'><em>φίλου</em></span> 
     </span>
     <span class='ocr_line' id='line_1_16' title="bbox 160 1538 1929 1613; baseline -0.001 -20"><span class='ocrx_word' id='word_1_107' title='bbox 160 1549 235 1613; x_wconf 77' lang='grc' dir='ltr'><em>τῷ</em></span> <span class='ocrx_word' id='word_1_108' title='bbox 275 1542 506 1611; x_wconf 80' lang='grc' dir='ltr'><em>Πυθίῳ,</em></span> <span class='ocrx_word' id='word_1_109' title='bbox 552 1548 652 1593; x_wconf 87' lang='grc' dir='ltr'><em>τοῦ</em></span> <span class='ocrx_word' id='word_1_110' title='bbox 698 1541 907 1603; x_wconf 82' lang='grc' dir='ltr'><em>πάντας</em></span> <span class='ocrx_word' id='word_1_111' title='bbox 954 1539 1290 1610; x_wconf 84' lang='grc' dir='ltr'><em>ἀνθρώπους</em></span> <span class='ocrx_word' id='word_1_112' title='bbox 1337 1538 1397 1593; x_wconf 90' lang='grc' dir='ltr'><em>ἐκ</em></span> <span class='ocrx_word' id='word_1_113' title='bbox 1435 1544 1681 1609; x_wconf 87' lang='grc' dir='ltr'><em>Δελφῶν</em></span> <span class='ocrx_word' id='word_1_114' title='bbox 1728 1560 1856 1593; x_wconf 88' lang='grc' dir='ltr'><em>νου-</em></span> <span class='ocrx_word' id='word_1_115' title='bbox 1882 1558 1929 1591; x_wconf 74' lang='lat'><em>15</em></span> 
     </span>
     <span class='ocr_line' id='line_1_17' title="bbox 160 1627 1859 1698; baseline -0.001 -15"><span class='ocrx_word' id='word_1_116' title='bbox 160 1635 489 1698; x_wconf 85' lang='grc' dir='ltr'><em>θετοῦντος,</em></span> <span class='ocrx_word' id='word_1_117' title='bbox 535 1627 626 1682; x_wconf 86' lang='grc' dir='ltr'><em>καὶ</em></span> <span class='ocrx_word' id='word_1_118' title='bbox 677 1630 809 1698; x_wconf 80' lang='grc' dir='ltr'><em>μετὰ</em></span> <span class='ocrx_word' id='word_1_119' title='bbox 849 1631 1087 1692; x_wconf 87' lang='grc' dir='ltr'><em>Βίαντος</em></span> <span class='ocrx_word' id='word_1_120' title='bbox 1131 1633 1353 1682; x_wconf 88' lang='grc' dir='ltr'><em>πολλῶν</em></span> <span class='ocrx_word' id='word_1_121' title='bbox 1400 1628 1602 1698; x_wconf 79' lang='grc' dir='ltr'><em>ἑτέρων</em></span> <span class='ocrx_word' id='word_1_122' title='bbox 1642 1628 1711 1682; x_wconf 84' lang='grc' dir='ltr'><em>δι’</em></span> <span class='ocrx_word' id='word_1_123' title='bbox 1760 1628 1859 1691; x_wconf 84' lang='grc' dir='ltr'><em>οὓς</em></span> 
     </span>
     <span class='ocr_line' id='line_1_18' title="bbox 164 1715 1858 1789; baseline -0.002 -16"><span class='ocrx_word' id='word_1_124' title='bbox 164 1720 332 1789; x_wconf 87' lang='grc' dir='ltr'><em>σεμνὴ</em></span> <span class='ocrx_word' id='word_1_125' title='bbox 373 1718 603 1787; x_wconf 84' lang='grc' dir='ltr'><em>γέγονεν</em></span> <span class='ocrx_word' id='word_1_126' title='bbox 642 1718 673 1787; x_wconf 86' lang='grc' dir='ltr'><em>ἡ</em></span> <span class='ocrx_word' id='word_1_127' title='bbox 706 1715 913 1783; x_wconf 70' lang='grc' dir='ltr'><em>Ἰωνίας</em></span> <span class='ocrx_word' id='word_1_128' title='bbox 968 1718 1035 1772; x_wconf 87' lang='grc' dir='ltr'><em>οὐ</em></span> <span class='ocrx_word' id='word_1_129' title='bbox 1076 1719 1169 1771; x_wconf 81' lang='grc' dir='ltr'><em>διὰ</em></span> <span class='ocrx_word' id='word_1_130' title='bbox 1206 1717 1496 1772; x_wconf 85' lang='grc' dir='ltr'><em>Μέλισσον</em></span> <span class='ocrx_word' id='word_1_131' title='bbox 1535 1717 1626 1771; x_wconf 86' lang='grc' dir='ltr'><em>καὶ</em></span> <span class='ocrx_word' id='word_1_132' title='bbox 1670 1722 1858 1785; x_wconf 82' lang='grc' dir='ltr'><em>Θαλῆν</em></span> 
     </span>
     <span class='ocr_line' id='line_1_19' title="bbox 163 1806 1859 1878; baseline -0.001 -17"><span class='ocrx_word' id='word_1_133' title='bbox 163 1807 253 1861; x_wconf 84' lang='grc' dir='ltr'><em>καὶ</em></span> <span class='ocrx_word' id='word_1_134' title='bbox 294 1809 646 1878; x_wconf 78' lang='grc' dir='ltr'><em>Πυθαγόραν</em></span> <span class='ocrx_word' id='word_1_135' title='bbox 692 1808 982 1876; x_wconf 79' lang='grc' dir='ltr'><em>ἤρχθησάν</em></span> <span class='ocrx_word' id='word_1_136' title='bbox 1035 1827 1092 1860; x_wconf 91' lang='grc' dir='ltr'><em>τε</em></span> <span class='ocrx_word' id='word_1_137' title='bbox 1146 1807 1235 1860; x_wconf 78' lang='grc' dir='ltr'><em>καὶ</em></span> <span class='ocrx_word' id='word_1_138' title='bbox 1284 1806 1616 1860; x_wconf 88' lang='grc' dir='ltr'><em>ἐστασίασαν</em></span> <span class='ocrx_word' id='word_1_139' title='bbox 1664 1808 1716 1860; x_wconf 85' lang='grc' dir='ltr'><em>οἱ</em></span> <span class='ocrx_word' id='word_1_140' title='bbox 1764 1808 1859 1870; x_wconf 80' lang='grc' dir='ltr'><em>τὰς</em></span> 
     </span>
     <span class='ocr_line' id='line_1_20' title="bbox 162 1893 1863 1966; baseline -0.001 -16"><span class='ocrx_word' id='word_1_141' title='bbox 162 1899 349 1959; x_wconf 88' lang='grc' dir='ltr'><em>πόλεις</em></span> <span class='ocrx_word' id='word_1_142' title='bbox 386 1894 619 1966; x_wconf 80' lang='grc' dir='ltr'><em>ἔχοντες,</em></span> <span class='ocrx_word' id='word_1_143' title='bbox 659 1894 775 1949; x_wconf 81' lang='grc' dir='ltr'><em>ἀλλ’</em></span> <span class='ocrx_word' id='word_1_144' title='bbox 823 1897 885 1948; x_wconf 82' lang='grc' dir='ltr'><em>αἱ</em></span> <span class='ocrx_word' id='word_1_145' title='bbox 910 1893 1014 1963; x_wconf 78' lang='grc' dir='ltr'><em>μὲν</em></span> <span class='ocrx_word' id='word_1_146' title='bbox 1045 1895 1263 1959; x_wconf 86' lang='grc' dir='ltr'><em>στάσεις</em></span> <span class='ocrx_word' id='word_1_147' title='bbox 1291 1897 1483 1950; x_wconf 88' lang='grc' dir='ltr'><em>κοινὸν</em></span> <span class='ocrx_word' id='word_1_148' title='bbox 1513 1904 1608 1965; x_wconf 86' lang='grc' dir='ltr'><em>τῆς</em></span> <span class='ocrx_word' id='word_1_149' title='bbox 1640 1896 1863 1965; x_wconf 79' lang='grc' dir='ltr'><em>ἀνθρω-</em></span> 
     </span>
    </p>
   </div>
   <div class='ocr_carea' id='block_1_3' title="bbox 162 2003 516 2008">
    <p class='ocr_par' dir='ltr' id='par_1_5' title="bbox 162 2003 516 2008">
     <span class='ocr_line' id='line_1_21' title="bbox 162 2003 516 2008; baseline 0 0"><span class='ocrx_word' id='word_1_150' title='bbox 162 2003 516 2008; x_wconf 95' lang='lat' dir='ltr'><em> </em></span> 
     </span>
    </p>
   </div>
   <div class='ocr_carea' id='block_1_4' title="bbox 163 2056 1869 2171">
    <p class='ocr_par' dir='ltr' id='par_1_6' title="bbox 163 2056 1869 2171">
     <span class='ocr_line' id='line_1_22' title="bbox 163 2056 1869 2159; baseline 0 -60"><span class='ocrx_word' id='word_1_151' title='bbox 163 2118 185 2159; x_wconf 56' lang='lat' dir='ltr'>t</span> <span class='ocrx_word' id='word_1_152' title='bbox 222 2056 470 2159; x_wconf 50' lang='lat' dir='ltr'><em>1V44gciuiz‘</em></span> <span class='ocrx_word' id='word_1_153' title='bbox 503 2057 646 2101; x_wconf 80' lang='lat' dir='ltr'>Arist.</span> <span class='ocrx_word' id='word_1_154' title='bbox 681 2062 728 2110; x_wconf 78' lang='lat'><em>13</em></span> <span class='ocrx_word' id='word_1_155' title='bbox 776 2057 876 2101; x_wconf 89' lang='lat' dir='ltr'>Per.</span> <span class='ocrx_word' id='word_1_156' title='bbox 911 2063 951 2101; x_wconf 93' lang='lat'><em>4.</em></span> <span class='ocrx_word' id='word_1_157' title='bbox 1007 2057 1173 2101; x_wconf 84' lang='lat' dir='ltr'>Aesch.</span> <span class='ocrx_word' id='word_1_158' title='bbox 1209 2056 1331 2101; x_wconf 85' lang='lat' dir='ltr'>Socr.</span> <span class='ocrx_word' id='word_1_159' title='bbox 1367 2070 1437 2114; x_wconf 87' lang='lat' dir='ltr'><em>ep.</em></span> <span class='ocrx_word' id='word_1_160' title='bbox 1474 2062 1587 2112; x_wconf 80' lang='lat'>14‚2</span> <span class='ocrx_word' id='word_1_161' title='bbox 1727 2061 1780 2101; x_wconf 89' lang='grc'><em>15</em></span> <span class='ocrx_word' id='word_1_162' title='bbox 1815 2056 1869 2099; x_wconf 83' lang='lat' dir='ltr'><em>cf</em></span> 
     </span>
     <span class='ocr_line' id='line_1_23' title="bbox 189 2150 419 2171; baseline 0 0"><span class='ocrx_word' id='word_1_163' title='bbox 189 2150 198 2160; x_wconf 91' lang='lat'><strong>·</strong></span> <span class='ocrx_word' id='word_1_164' title='bbox 407 2151 419 2171; x_wconf 60' lang='lat'>³</span> 
     </span>
    </p>
   </div>
   <div class='ocr_carea' id='block_1_5' title="bbox 163 2210 368 2215">
    <p class='ocr_par' dir='ltr' id='par_1_7' title="bbox 163 2210 368 2215">
     <span class='ocr_line' id='line_1_24' title="bbox 163 2210 368 2215; baseline 0 0"><span class='ocrx_word' id='word_1_165' title='bbox 163 2210 368 2215; x_wconf 95' lang='lat' dir='ltr'><em> </em></span> 
     </span>
    </p>
   </div>
   <div class='ocr_carea' id='block_1_6' title="bbox 167 2262 1866 3032">
    <p class='ocr_par' dir='ltr' id='par_1_8' title="bbox 167 2262 1866 3032">
     <span class='ocr_line' id='line_1_25' title="bbox 285 2262 1861 2322; baseline 0 -15"><span class='ocrx_word' id='word_1_166' title='bbox 285 2270 311 2307; x_wconf 91' lang='lat'>4</span> <span class='ocrx_word' id='word_1_167' title='bbox 337 2263 609 2322; x_wconf 78' lang='grc' dir='ltr'><em>ἐμβέβληται</em></span> <span class='ocrx_word' id='word_1_168' title='bbox 626 2265 671 2308; x_wconf 89' lang='grc' dir='ltr'><strong><em>Β</em></strong></span> <span class='ocrx_word' id='word_1_169' title='bbox 786 2270 811 2308; x_wconf 82' lang='lat'>5</span> <span class='ocrx_word' id='word_1_170' title='bbox 838 2265 889 2309; x_wconf 83' lang='grc' dir='ltr'><em>δὲ</em></span> <span class='ocrx_word' id='word_1_171' title='bbox 914 2272 1211 2321; x_wconf 85' lang='grc' dir='ltr'><em>συκοφαντεῖ,</em></span> <span class='ocrx_word' id='word_1_172' title='bbox 1227 2265 1279 2309; x_wconf 89' lang='grc' dir='ltr'><em>τὸ</em></span> <span class='ocrx_word' id='word_1_173' title='bbox 1299 2267 1389 2309; x_wconf 81' lang='lat' dir='ltr'><em>Ma</em></span> <span class='ocrx_word' id='word_1_174' title='bbox 1405 2265 1508 2308; x_wconf 85' lang='lat' dir='ltr'><em>Mor</em></span> <span class='ocrx_word' id='word_1_175' title='bbox 1532 2264 1613 2320; x_wconf 88' lang='lat' dir='ltr'><em>qui</em></span> <span class='ocrx_word' id='word_1_176' title='bbox 1634 2262 1679 2310; x_wconf 85' lang='grc' dir='ltr'><em>δ’</em></span> <span class='ocrx_word' id='word_1_177' title='bbox 1702 2265 1861 2310; x_wconf 81' lang='grc' dir='ltr'><em>ἐσυκο-</em></span> 
     </span>
     <span class='ocr_line' id='line_1_26' title="bbox 167 2322 1862 2381; baseline 0.001 -15"><span class='ocrx_word' id='word_1_178' title='bbox 167 2322 335 2378; x_wconf 85' lang='grc' dir='ltr'><em>φάντει</em></span> <span class='ocrx_word' id='word_1_179' title='bbox 359 2324 463 2367; x_wconf 85' lang='lat' dir='ltr'>coni</span> <span class='ocrx_word' id='word_1_180' title='bbox 487 2323 583 2368; x_wconf 79' lang='lat' dir='ltr'><em>Not</em></span> <span class='ocrx_word' id='word_1_181' title='bbox 607 2324 667 2367; x_wconf 81' lang='lat' dir='ltr'><em>ad</em></span> <span class='ocrx_word' id='word_1_182' title='bbox 691 2323 790 2368; x_wconf 88' lang='lat' dir='ltr'>Lib.</span> <span class='ocrx_word' id='word_1_183' title='bbox 818 2323 885 2368; x_wconf 88' lang='lat' dir='ltr'><em>fol</em></span> <span class='ocrx_word' id='word_1_184' title='bbox 912 2324 1020 2367; x_wconf 81' lang='lat' dir='ltr'><em>VIIv</em></span> <span class='ocrx_word' id='word_1_185' title='bbox 1048 2327 1054 2381; x_wconf 84' lang='grc' dir='ltr'>Ι</span> <span class='ocrx_word' id='word_1_186' title='bbox 1082 2322 1300 2379; x_wconf 84' lang='grc' dir='ltr'><em>κρείττων</em></span> <span class='ocrx_word' id='word_1_187' title='bbox 1335 2325 1451 2368; x_wconf 84' lang='lat' dir='ltr'><em>VaB</em></span> <span class='ocrx_word' id='word_1_188' title='bbox 1572 2329 1598 2368; x_wconf 83' lang='lat'>6</span> <span class='ocrx_word' id='word_1_189' title='bbox 1632 2323 1862 2379; x_wconf 80' lang='grc' dir='ltr'><em>Σωκράτη</em></span> 
     </span>
     <span class='ocr_line' id='line_1_27' title="bbox 170 2382 1798 2440; baseline 0.001 -14"><span class='ocrx_word' id='word_1_190' title='bbox 170 2382 250 2427; x_wconf 79' lang='grc' dir='ltr'><em>ΟΛ</em></span> <span class='ocrx_word' id='word_1_191' title='bbox 396 2387 418 2426; x_wconf 83' lang='grc'><strong>7</strong></span> <span class='ocrx_word' id='word_1_192' title='bbox 462 2382 527 2426; x_wconf 79' lang='grc' dir='ltr'><em>ἔτι</em></span> <span class='ocrx_word' id='word_1_193' title='bbox 567 2382 618 2428; x_wconf 78' lang='grc' dir='ltr'><em>δὲ</em></span> <span class='ocrx_word' id='word_1_194' title='bbox 658 2383 823 2440; x_wconf 79' lang='lat' dir='ltr'>scripsi</span> <span class='ocrx_word' id='word_1_195' title='bbox 857 2383 944 2428; x_wconf 87' lang='lat' dir='ltr'>coll</span> <span class='ocrx_word' id='word_1_196' title='bbox 977 2386 1011 2427; x_wconf 75' lang='lat' dir='ltr'><em>t.</em></span> <span class='ocrx_word' id='word_1_197' title='bbox 1035 2383 1099 2427; x_wconf 86' lang='lat'><em>111</em></span> <span class='ocrx_word' id='word_1_198' title='bbox 1123 2388 1225 2438; x_wconf 85' lang='grc'><em>417,</em></span> <span class='ocrx_word' id='word_1_199' title='bbox 1243 2388 1320 2436; x_wconf 85' lang='grc'><em>24,</em></span> <span class='ocrx_word' id='word_1_200' title='bbox 1360 2385 1415 2427; x_wconf 72' lang='lat' dir='ltr'><em>ut</em></span> <span class='ocrx_word' id='word_1_201' title='bbox 1445 2384 1550 2428; x_wconf 82' lang='lat' dir='ltr'>coni</span> <span class='ocrx_word' id='word_1_202' title='bbox 1581 2383 1683 2427; x_wconf 89' lang='lat' dir='ltr'><em>Mor</em></span> <span class='ocrx_word' id='word_1_203' title='bbox 1713 2382 1743 2427; x_wconf 90' lang='lat' dir='ltr'><em>l.</em></span> <span class='ocrx_word' id='word_1_204' title='bbox 1768 2383 1798 2427; x_wconf 89' lang='grc'><em>1.</em></span> 
     </span>
     <span class='ocr_line' id='line_1_28' title="bbox 168 2440 1863 2500; baseline 0.001 -16"><span class='ocrx_word' id='word_1_205' title='bbox 168 2440 284 2495; x_wconf 75' lang='grc' dir='ltr'><em>αὕτη</em></span> <span class='ocrx_word' id='word_1_206' title='bbox 318 2442 368 2485; x_wconf 78' lang='grc' dir='ltr'><em>δὲ</em></span> <span class='ocrx_word' id='word_1_207' title='bbox 409 2441 518 2485; x_wconf 84' lang='lat' dir='ltr'>libri</span> <span class='ocrx_word' id='word_1_208' title='bbox 551 2442 736 2486; x_wconf 87' lang='lat' dir='ltr'>MorRe</span> <span class='ocrx_word' id='word_1_209' title='bbox 769 2443 849 2498; x_wconf 87' lang='lat' dir='ltr'><em>qui</em></span> <span class='ocrx_word' id='word_1_210' title='bbox 890 2457 939 2487; x_wconf 82' lang='lat' dir='ltr'><em>se</em></span> <span class='ocrx_word' id='word_1_211' title='bbox 971 2456 1064 2486; x_wconf 90' lang='lat' dir='ltr'><em>non</em></span> <span class='ocrx_word' id='word_1_212' title='bbox 1096 2442 1369 2500; x_wconf 76' lang='lat' dir='ltr'>intellegere</span> <span class='ocrx_word' id='word_1_213' title='bbox 1394 2442 1631 2499; x_wconf 81' lang='lat' dir='ltr'>professus</span> <span class='ocrx_word' id='word_1_214' title='bbox 1662 2445 1746 2496; x_wconf 76' lang='lat' dir='ltr'>est,</span> <span class='ocrx_word' id='word_1_215' title='bbox 1781 2442 1863 2486; x_wconf 88' lang='lat' dir='ltr'><em>de-</em></span> 
     </span>
     <span class='ocr_line' id='line_1_29' title="bbox 167 2500 1866 2559; baseline 0.001 -16"><span class='ocrx_word' id='word_1_216' title='bbox 167 2500 309 2544; x_wconf 83' lang='lat' dir='ltr'>lenda</span> <span class='ocrx_word' id='word_1_217' title='bbox 341 2501 523 2544; x_wconf 71' lang='lat' dir='ltr'>censuit</span> <span class='ocrx_word' id='word_1_218' title='bbox 552 2501 715 2546; x_wconf 81' lang='lat' dir='ltr'><strong>Iacobs</strong></span> <span class='ocrx_word' id='word_1_219' title='bbox 747 2502 855 2545; x_wconf 89' lang='lat' dir='ltr'><em>Add</em></span> <span class='ocrx_word' id='word_1_220' title='bbox 880 2506 965 2546; x_wconf 83' lang='lat'><em>336</em></span> <span class='ocrx_word' id='word_1_221' title='bbox 1027 2502 1176 2559; x_wconf 81' lang='grc' dir='ltr'><em>ἀρχὴν</em></span> <span class='ocrx_word' id='word_1_222' title='bbox 1207 2502 1258 2546; x_wconf 82' lang='grc' dir='ltr'><em>δὲ</em></span> <span class='ocrx_word' id='word_1_223' title='bbox 1292 2504 1482 2546; x_wconf 73' lang='lat' dir='ltr'>auctore</span> <span class='ocrx_word' id='word_1_224' title='bbox 1512 2501 1723 2546; x_wconf 81' lang='lat' dir='ltr'>Iaeobsio</span> <span class='ocrx_word' id='word_1_225' title='bbox 1747 2501 1866 2545; x_wconf 71' lang='lat' dir='ltr'>Lect</span> 
     </span>
     <span class='ocr_line' id='line_1_30' title="bbox 168 2559 1863 2618; baseline 0.001 -16"><span class='ocrx_word' id='word_1_226' title='bbox 168 2563 253 2602; x_wconf 83' lang='lat'><em>202</em></span> <span class='ocrx_word' id='word_1_227' title='bbox 277 2559 374 2603; x_wconf 78' lang='lat' dir='ltr'><em>Not</em></span> <span class='ocrx_word' id='word_1_228' title='bbox 389 2564 443 2603; x_wconf 78' lang='lat'><em>47</em></span> <span class='ocrx_word' id='word_1_229' title='bbox 477 2560 580 2617; x_wconf 85' lang='lat' dir='ltr'><em>Rog</em></span> <span class='ocrx_word' id='word_1_230' title='bbox 613 2563 661 2605; x_wconf 75' lang='lat' dir='ltr'><em>et</em></span> <span class='ocrx_word' id='word_1_231' title='bbox 692 2560 871 2605; x_wconf 84' lang='lat' dir='ltr'>Schanz</span> <span class='ocrx_word' id='word_1_232' title='bbox 902 2561 1020 2605; x_wconf 80' lang='lat' dir='ltr'>Plat.</span> <span class='ocrx_word' id='word_1_233' title='bbox 1048 2561 1168 2618; x_wconf 80' lang='lat' dir='ltr'>apol.</span> <span class='ocrx_word' id='word_1_234' title='bbox 1195 2575 1357 2605; x_wconf 87' lang='lat' dir='ltr'><strong>comm.</strong></span> <span class='ocrx_word' id='word_1_235' title='bbox 1384 2565 1439 2604; x_wconf 87' lang='lat'><em>39</em></span> <span class='ocrx_word' id='word_1_236' title='bbox 1469 2562 1474 2618; x_wconf 82' lang='grc' dir='ltr'>Ι</span> <span class='ocrx_word' id='word_1_237' title='bbox 1502 2561 1562 2618; x_wconf 88' lang='grc' dir='ltr'><em>μὴ</em></span> <span class='ocrx_word' id='word_1_238' title='bbox 1587 2560 1639 2605; x_wconf 79' lang='grc' dir='ltr'><em>δὲ</em></span> <span class='ocrx_word' id='word_1_239' title='bbox 1673 2562 1719 2605; x_wconf 90' lang='grc' dir='ltr'><em>Β</em></span> <span class='ocrx_word' id='word_1_240' title='bbox 1781 2561 1863 2604; x_wconf 80' lang='grc' dir='ltr'><em>καὶ</em></span> 
     </span>
     <span class='ocr_line' id='line_1_31' title="bbox 171 2619 1863 2678; baseline 0.001 -16"><span class='ocrx_word' id='word_1_241' title='bbox 171 2619 261 2662; x_wconf 87' lang='grc' dir='ltr'><em>Μα</em></span> <span class='ocrx_word' id='word_1_242' title='bbox 381 2623 407 2662; x_wconf 91' lang='lat'>8</span> <span class='ocrx_word' id='word_1_243' title='bbox 439 2627 531 2663; x_wconf 84' lang='grc' dir='ltr'><em>τῶν</em></span> <span class='ocrx_word' id='word_1_244' title='bbox 563 2633 639 2664; x_wconf 91' lang='lat' dir='ltr'><em>om</em></span> <span class='ocrx_word' id='word_1_245' title='bbox 670 2620 772 2663; x_wconf 86' lang='lat' dir='ltr'><em>Mor</em></span> <span class='ocrx_word' id='word_1_246' title='bbox 798 2621 804 2678; x_wconf 81' lang='grc' dir='ltr'>Ι</span> <span class='ocrx_word' id='word_1_247' title='bbox 833 2619 991 2664; x_wconf 85' lang='grc' dir='ltr'><em>αἰτίαν</em></span> <span class='ocrx_word' id='word_1_248' title='bbox 1009 2647 1064 2653; x_wconf 90' lang='grc'>-</span> <span class='ocrx_word' id='word_1_249' title='bbox 1083 2625 1109 2664; x_wconf 87' lang='grc'><strong>9</strong></span> <span class='ocrx_word' id='word_1_250' title='bbox 1138 2621 1245 2665; x_wconf 81' lang='grc' dir='ltr'><em>νυνὶ</em></span> <span class='ocrx_word' id='word_1_251' title='bbox 1277 2634 1351 2664; x_wconf 90' lang='lat' dir='ltr'><em>om</em></span> <span class='ocrx_word' id='word_1_252' title='bbox 1378 2622 1466 2665; x_wconf 88' lang='lat' dir='ltr'><em>Ma</em></span> <span class='ocrx_word' id='word_1_253' title='bbox 1482 2620 1585 2664; x_wconf 88' lang='lat' dir='ltr'><em>Mor</em></span> <span class='ocrx_word' id='word_1_254' title='bbox 1691 2625 1746 2664; x_wconf 89' lang='lat'><em>14</em></span> <span class='ocrx_word' id='word_1_255' title='bbox 1777 2626 1863 2663; x_wconf 87' lang='grc' dir='ltr'><em>τοῦ</em></span> 
     </span>
     <span class='ocr_line' id='line_1_32' title="bbox 167 2677 1863 2738; baseline 0.001 -18"><span class='ocrx_word' id='word_1_256' title='bbox 167 2678 342 2722; x_wconf 82' lang='lat' dir='ltr'>inserui</span> <span class='ocrx_word' id='word_1_257' title='bbox 466 2684 519 2722; x_wconf 84' lang='lat'><em>15</em></span> <span class='ocrx_word' id='word_1_258' title='bbox 543 2686 625 2723; x_wconf 86' lang='grc' dir='ltr'><em>τοῦ</em></span> <span class='ocrx_word' id='word_1_259' title='bbox 649 2677 809 2738; x_wconf 84' lang='grc' dir='ltr'><em>πυθίῳ</em></span> <span class='ocrx_word' id='word_1_260' title='bbox 844 2681 913 2725; x_wconf 91' lang='lat' dir='ltr'><em>Va</em></span> <span class='ocrx_word' id='word_1_261' title='bbox 971 2687 1054 2724; x_wconf 88' lang='grc' dir='ltr'><em>τοῦ</em></span> <span class='ocrx_word' id='word_1_262' title='bbox 1078 2678 1259 2724; x_wconf 84' lang='grc' dir='ltr'><em>πυθίου</em></span> <span class='ocrx_word' id='word_1_263' title='bbox 1286 2680 1423 2724; x_wconf 88' lang='grc' dir='ltr'><em>ΜαΒ</em></span> <span class='ocrx_word' id='word_1_264' title='bbox 1448 2682 1495 2723; x_wconf 77' lang='lat' dir='ltr'><em>et</em></span> <span class='ocrx_word' id='word_1_265' title='bbox 1526 2679 1630 2723; x_wconf 87' lang='lat' dir='ltr'>coni</span> <span class='ocrx_word' id='word_1_266' title='bbox 1656 2678 1863 2723; x_wconf 76' lang='lat' dir='ltr'>Sintenis</span> 
     </span>
     <span class='ocr_line' id='line_1_33' title="bbox 172 2738 1863 2794; baseline 0.001 -15"><span class='ocrx_word' id='word_1_267' title='bbox 172 2739 177 2792; x_wconf 86' lang='grc'><strong>1</strong></span> <span class='ocrx_word' id='word_1_268' title='bbox 211 2740 273 2794; x_wconf 82' lang='grc' dir='ltr'><em>τῷ</em></span> <span class='ocrx_word' id='word_1_269' title='bbox 306 2739 354 2780; x_wconf 76' lang='lat' dir='ltr'><em>et</em></span> <span class='ocrx_word' id='word_1_270' title='bbox 386 2741 693 2782; x_wconf 87' lang='grc' dir='ltr'><em>νουθετοῦντι</em></span> <span class='ocrx_word' id='word_1_271' title='bbox 725 2739 829 2782; x_wconf 88' lang='lat' dir='ltr'>coni</span> <span class='ocrx_word' id='word_1_272' title='bbox 861 2738 928 2782; x_wconf 89' lang='lat' dir='ltr'><em>Re</em></span> <span class='ocrx_word' id='word_1_273' title='bbox 961 2739 1037 2782; x_wconf 85' lang='lat' dir='ltr'><em>eui</em></span> <span class='ocrx_word' id='word_1_274' title='bbox 1070 2739 1316 2783; x_wconf 77' lang='lat' dir='ltr'>oblocutus</span> <span class='ocrx_word' id='word_1_275' title='bbox 1347 2740 1419 2783; x_wconf 76' lang='lat' dir='ltr'><em>est</em></span> <span class='ocrx_word' id='word_1_276' title='bbox 1450 2738 1611 2782; x_wconf 79' lang='lat' dir='ltr'><strong>Iacobs</strong></span> <span class='ocrx_word' id='word_1_277' title='bbox 1635 2738 1749 2782; x_wconf 76' lang='lat' dir='ltr'>Leet</span> <span class='ocrx_word' id='word_1_278' title='bbox 1773 2741 1863 2781; x_wconf 80' lang='lat'><em>203</em></span> 
     </span>
     <span class='ocr_line' id='line_1_34' title="bbox 169 2795 1774 2870; baseline 0.002 -32"><span class='ocrx_word' id='word_1_279' title='bbox 169 2795 299 2839; x_wconf 76' lang='lat' dir='ltr'>Anth</span> <span class='ocrx_word' id='word_1_280' title='bbox 322 2795 407 2839; x_wconf 81' lang='lat' dir='ltr'><em>Pal</em></span> <span class='ocrx_word' id='word_1_281' title='bbox 431 2796 494 2839; x_wconf 88' lang='lat'><em>111</em></span> <span class='ocrx_word' id='word_1_282' title='bbox 519 2801 604 2840; x_wconf 82' lang='lat'><em>544</em></span> <span class='ocrx_word' id='word_1_283' title='bbox 728 2803 781 2841; x_wconf 80' lang='lat'><em>17</em></span> <span class='ocrx_word' id='word_1_284' title='bbox 808 2795 1016 2853; x_wconf 79' lang='grc' dir='ltr'><em>μέλλισον</em></span> <span class='ocrx_word' id='word_1_285' title='bbox 1043 2798 1081 2842; x_wconf 87' lang='lat' dir='ltr'><strong><em>C</em></strong></span> <span class='ocrx_word' id='word_1_286' title='bbox 1137 2797 1360 2870; x_wconf 71' lang='grc' dir='ltr'><em>μέλησσον</em></span> <span class='ocrx_word' id='word_1_287' title='bbox 1379 2800 1467 2843; x_wconf 87' lang='grc' dir='ltr'><em>Μα</em></span> <span class='ocrx_word' id='word_1_288' title='bbox 1495 2801 1502 2854; x_wconf 92' lang='grc' dir='ltr'>Ι</span> <span class='ocrx_word' id='word_1_289' title='bbox 1524 2800 1711 2853; x_wconf 46' lang='grc' dir='ltr'><em>λθαλλῆν</em></span> <span class='ocrx_word' id='word_1_290' title='bbox 1737 2797 1774 2841; x_wconf 87' lang='lat' dir='ltr'><strong><em>C</em></strong></span> 
     </span>
     <span class='ocr_line' id='line_1_35' title="bbox 171 2854 1862 2914; baseline 0.001 -17"><span class='ocrx_word' id='word_1_291' title='bbox 171 2859 226 2898; x_wconf 85' lang='lat'><em>18</em></span> <span class='ocrx_word' id='word_1_292' title='bbox 259 2854 515 2912; x_wconf 80' lang='grc' dir='ltr'><em>εἴρχθησαν</em></span> <span class='ocrx_word' id='word_1_293' title='bbox 550 2858 638 2900; x_wconf 86' lang='lat' dir='ltr'><em>Ma</em></span> <span class='ocrx_word' id='word_1_294' title='bbox 651 2858 812 2902; x_wconf 91' lang='lat' dir='ltr'><em>UVaB</em></span> <span class='ocrx_word' id='word_1_295' title='bbox 845 2856 947 2900; x_wconf 90' lang='lat' dir='ltr'><em>Mor</em></span> <span class='ocrx_word' id='word_1_296' title='bbox 1006 2857 1335 2913; x_wconf 82' lang='grc' dir='ltr'><em>ἠρεθισθησαν</em></span> <span class='ocrx_word' id='word_1_297' title='bbox 1367 2857 1472 2902; x_wconf 83' lang='lat' dir='ltr'>coni</span> <span class='ocrx_word' id='word_1_298' title='bbox 1503 2857 1609 2914; x_wconf 84' lang='lat' dir='ltr'><em>Rog</em></span> <span class='ocrx_word' id='word_1_299' title='bbox 1642 2861 1647 2910; x_wconf 85' lang='grc' dir='ltr'>Ι</span> <span class='ocrx_word' id='word_1_300' title='bbox 1683 2859 1862 2901; x_wconf 79' lang='grc' dir='ltr'><em>διεστα-</em></span> 
     </span>
     <span class='ocr_line' id='line_1_36' title="bbox 171 2912 1863 2971; baseline 0.001 -14"><span class='ocrx_word' id='word_1_301' title='bbox 171 2912 337 2957; x_wconf 84' lang='grc' dir='ltr'><em>σίασαν</em></span> <span class='ocrx_word' id='word_1_302' title='bbox 377 2915 467 2959; x_wconf 87' lang='lat' dir='ltr'><em>Ma</em></span> <span class='ocrx_word' id='word_1_303' title='bbox 528 2914 764 2959; x_wconf 80' lang='grc' dir='ltr'><em>εἱστίασαν</em></span> <span class='ocrx_word' id='word_1_304' title='bbox 795 2915 898 2959; x_wconf 89' lang='lat' dir='ltr'><em>Mor</em></span> <span class='ocrx_word' id='word_1_305' title='bbox 928 2916 1009 2959; x_wconf 81' lang='lat' dir='ltr'><em>sed</em></span> <span class='ocrx_word' id='word_1_306' title='bbox 1050 2914 1328 2960; x_wconf 77' lang='grc' dir='ltr'><em>ἐστασίασαν</em></span> <span class='ocrx_word' id='word_1_307' title='bbox 1361 2916 1465 2960; x_wconf 87' lang='lat' dir='ltr'>coni</span> <span class='ocrx_word' id='word_1_308' title='bbox 1610 2920 1662 2959; x_wconf 82' lang='lat'><em>19</em></span> <span class='ocrx_word' id='word_1_309' title='bbox 1696 2915 1745 2959; x_wconf 84' lang='grc' dir='ltr'><em>αἱ</em></span> <span class='ocrx_word' id='word_1_310' title='bbox 1777 2915 1863 2971; x_wconf 78' lang='grc' dir='ltr'><em>μὲν</em></span> 
     </span>
     <span class='ocr_line' id='line_1_37' title="bbox 172 2972 1861 3032; baseline 0.001 -17"><span class='ocrx_word' id='word_1_311' title='bbox 172 2972 351 3023; x_wconf 81' lang='grc' dir='ltr'><em>στάσεις</em></span> <span class='ocrx_word' id='word_1_312' title='bbox 381 2973 557 3030; x_wconf 81' lang='lat' dir='ltr'>seripsi‘</span> <span class='ocrx_word' id='word_1_313' title='bbox 578 2976 766 3018; x_wconf 70' lang='lat' dir='ltr'>auctore</span> <span class='ocrx_word' id='word_1_314' title='bbox 796 2975 1006 3019; x_wconf 80' lang='lat' dir='ltr'>Iaeobsio</span> <span class='ocrx_word' id='word_1_315' title='bbox 1031 2975 1126 3019; x_wconf 81' lang='lat' dir='ltr'><em>Not</em></span> <span class='ocrx_word' id='word_1_316' title='bbox 1150 2980 1206 3020; x_wconf 83' lang='grc'><em>47</em></span> <span class='ocrx_word' id='word_1_317' title='bbox 1269 2972 1435 3031; x_wconf 78' lang='grc' dir='ltr'><em>ἐμένετ’</em></span> <span class='ocrx_word' id='word_1_318' title='bbox 1464 2973 1525 3019; x_wconf 77' lang='grc' dir='ltr'><em>ἂν</em></span> <span class='ocrx_word' id='word_1_319' title='bbox 1549 2973 1626 3032; x_wconf 80' lang='grc' dir='ltr'><em>(ἂν</em></span> <span class='ocrx_word' id='word_1_320' title='bbox 1651 2989 1724 3018; x_wconf 92' lang='lat' dir='ltr'><em>om</em></span> <span class='ocrx_word' id='word_1_321' title='bbox 1751 2975 1861 3029; x_wconf 77' lang='lat' dir='ltr'><em>Ath)</em></span> 
     </span>
    </p>
   </div>
  </div>
 </body>
</html>
