2054 3192
452 175 456 179 ·
531 150 759 195 LIBANH
789 149 1094 196 APOLOGIA
1127 150 1412 196 SOCRATIS
1715 153 1816 205 111

128 289 185 341 τί
219 288 354 360 τῷδε
392 294 634 356 κοῦφον,
690 286 827 340 ἀλλὰ
873 290 930 340 τί
971 297 1088 350 τοῖς
1126 290 1318 358 νόμοις
1366 291 1689 358 συμβαῖνον.
1753 289 1821 342 οὐ

129 378 231 446 γὰρ
271 377 406 429 κατὰ
445 376 545 444 τὴν
584 377 918 445 Σωκράτους
957 375 1262 444 ἐπιθυμίαν
1297 375 1612 446 ὀμωμόκατε
1650 386 1821 446 ψηφι-

127 470 331 533 εῖσθαι,
370 467 506 518 κατὰ
538 465 599 518 δὲ
629 467 760 528 τοὺς
791 467 997 533 νόμους
1027 468 1157 528 τοὺς
1189 465 1492 534 κειμένους,
1525 461 1604 518 ὧν
1636 464 1824 528 οὐδεὶς

126 555 324 607 κωλύει
378 560 694 623 μεμνῆσθαι
747 564 1006 623 ποιητῶν.
1089 555 1209 608 168.
1264 555 1492 622 μεγάλοι
1553 555 1656 621 μὲν
1717 550 1823 607 οὖν

126 643 297 697 αὐτὸν
351 642 412 696 ἐν
452 642 646 696 ’Ἅιδου
700 643 1057 713 περιμένουσι
1107 644 1303 711 μισθοὶ
1349 646 1478 712 βίου
1527 645 1821 713 σώφρονος
1868 664 1888 696 5

125 733 214 785 καὶ
253 734 512 802 κοσμίου,
554 732 760 801 λαβέτω
802 730 863 786 δὲ
901 732 992 786 καὶ
1032 731 1157 803 παρ’
1205 734 1387 802 ὑμῶν,
1428 729 1469 786 ὦ
1520 731 1821 801 Ἀθηναῖοι,

124 824 256 885 τοὺς
288 820 702 890 ὀφειλομένους,
735 822 820 875 ὅτι
850 821 1019 891 πένης
1050 823 1348 891 ἄνθρωπος
1379 820 1602 891 γυναικὶ
1636 836 1822 875 συνοι-

125 919 256 979 κῶν,
295 912 490 963 παιδία
527 909 773 979 τρέφων,
826 909 914 964 ε’πὶ
960 911 1062 978 μὲν
1108 911 1169 963 τὸ
1222 910 1512 979 συλλέγειν
1551 910 1822 980 ἀργύριον

124 999 216 1053 καὶ
256 997 328 1074 δι’
376 995 456 1053 ὧν
495 999 566 1052 ἂν
604 999 815 1082 ὑπῆρχε
854 1011 1076 1070 τρυφᾶν
1116 999 1219 1053 οὐκ
1258 999 1546 1070 ἐτράπετο,
1598 998 1822 1063 διδάξας

126 1090 187 1143 δὲ
224 1092 355 1153 τοὺς
395 1090 560 1142 ἔνδον
602 1088 898 1159 ἀνέχεσθαι
947 1098 1042 1158 τῆς
1088 1090 1255 1159 τύχης
1300 1090 1489 1152 κοινὸς
1526 1087 1820 1158 ἐπίτροπος
1845 1110 1889 1141 ιο

123 1177 336 1250 περιῄει
386 1188 498 1231 τῶν
541 1183 786 1232 πολιτῶν
826 1181 998 1247 ζητῶν
1037 1179 1127 1231 καὶ
1167 1181 1611 1248 πυνθανόμενος,
1651 1183 1708 1231 εἴ
1746 1198 1820 1250 τω

124 1277 252 1331 παῖς
300 1268 408 1321 ὑπὸ
458 1266 633 1336 μέθης
673 1267 705 1336 ἢ
744 1268 934 1335 κύβων
972 1270 1006 1336 ἤ
1057 1287 1210 1330 τινος
1260 1257 1432 1321 ἄλλου
1484 1267 1825 1336 διέφθαρται.

124 1364 322 1426 κακοῦ,
380 1359 669 1424 καταβοῶν
721 1356 974 1426 πατέρων
1030 1357 1461 1427 ῥᾳθυμούντων,
1523 1355 1821 1426 ἐπεγείρων

124 1447 462 1515 στρατηγοὺς
499 1446 900 1513 καθεύδοντας,
941 1444 1155 1514 ἐνάγων
1195 1447 1273 1508 εἰς
1313 1447 1620 1516 φροντίδας
1663 1446 1821 1516 ῥήτο-

125 1555 246 1605 ρας,
299 1538 492 1588 λυπῶν
537 1535 720 1603 λύπην
766 1535 867 1603 τὴν
914 1539 1327 1589 λυσιτελοῦσαν.
1399 1535 1542 1603 ἑώρα
1581 1536 1685 1604 γὰρ
1726 1533 1816 1588 καὶ
1842 1554 1889 1588 15

122 1626 252 1688 τοὺς
292 1626 515 1694 ἰατροὺς
552 1625 760 1692 ταύτην
799 1627 996 1688 ἰόντας.
1077 1625 1197 1678 169.
1237 1625 1451 1677 τούτων
1483 1619 1553 1692 ἦν
1588 1626 1821 1693 μιμητὴς

123 1711 249 1784 περὶ
287 1714 348 1766 τὸ
388 1712 607 1782 βέλτιον
646 1713 825 1783 μέρος.
889 1715 942 1766 οἱ
991 1714 1094 1781 μὲν
1140 1715 1244 1783 γὰρ
1285 1722 1400 1776 τοῖς
1440 1711 1654 1781 σώμασι
1692 1715 1820 1782 βοη-

123 1808 348 1870 θοῦσιν,
389 1802 418 1856 ὁ
459 1802 521 1855 δὲ
564 1803 665 1871 τὴν
704 1803 888 1871 ’ψυχὴν
928 1801 1277 1871 ἐπηνώρθου.
1316 1811 1432 1865 τοῖς
1469 1802 1571 1870 μὲν
1614 1797 1719 1855 οὗν
1758 1803 1819 1855 τὸ

125 1893 472 1962 φαυλότερον
512 1890 767 1960 ἰωμένοις
811 1889 959 1960 ἔχετε
1005 1892 1191 1962 χάριν,
1242 1890 1332 1945 καὶ
1379 1895 1558 1954 καλῶς
1595 1899 1820 1958 ποιεῖτε,

123 1981 221 2034 τὸν
261 1977 308 2033 δ’
355 1980 494 2050 ὑπὲρ
545 1988 644 2033 τοῦ
691 1979 1017 2050 τιμιωτέρου
1063 1983 1410 2049 πεπονηκότα
1448 1979 1819 2041 ἀποκτενεῖτε;
1844 2000 1891 2033 20

123 2068 213 2123 καὶ
267 2077 431 2123 τοῦτο
493 2071 721 2137 λήψεται
781 2071 1008 2138 μισθόν,
1078 2071 1163 2123 ὅτι
1223 2070 1432 2132 πάντας
1493 2067 1821 2137 Ἀθηναίους

123 2156 382 2227 ἐβούλετο
436 2161 639 2221 καλοὺς
691 2157 978 2226 κάγαθοὺς
1033 2155 1198 2228 εἷναι;
1259 2158 1350 2211 καὶ
1400 2156 1406 2228 Ι
1455 2154 1639 2224 ὁομὲν
1715 2161 1835 2205 RIII
1853 2167 1908 2205 61

246 2337 299 2377 15
331 2333 451 2377 Plat.
484 2332 607 2377 Prot.
640 2348 684 2390 p.
712 2333 852 2377 340E
976 2338 1030 2377 22
1062 2333 1183 2378 Plat.
1217 2333 1338 2391 apol.
1372 2349 1417 2391 p.
1445 2334 1643 2388 30Asq.

245 2501 271 2539 2
302 2495 387 2552 τὴν
418 2502 500 2540 τοῦ
534 2496 798 2551 σωκράτους
831 2498 919 2541 Μα
955 2497 960 2551 Ι
1004 2494 1274 2552 ὀμωμόκατε
1309 2497 1445 2540 ΜαΒ
1567 2500 1594 2538 4
1626 2492 1712 2539 οὖν
1744 2509 1820 2538 om

127 2555 230 2599 Mor
349 2560 375 2598 5
401 2556 567 2611 μισθοὶ
590 2554 888 2612 περιμένουσι
915 2557 960 2601 U
961 2556 1079 2600 VaB
1193 2560 1219 2599 6
1245 2555 1303 2611 δὴ
1323 2556 1367 2598 Β
1395 2558 1401 2611 Ι
1429 2555 1559 2611 ὑμῶν
1575 2555 1621 2598 Β
1646 2554 1728 2597 sed
1752 2570 1818 2597 ων

125 2615 175 2658 in
205 2627 282 2658 ras
313 2613 383 2657 m²
442 2614 573 2671 ἡμῶν
604 2615 706 2658 Mor
732 2617 739 2671 Ι
765 2613 874 2659 θεοί
898 2616 993 2659 Ath
1113 2619 1139 2658 8
1171 2622 1233 2659 τῶ
1261 2616 1350 2659 Ma
1474 2619 1525 2657 11
1562 2612 1692 2673 ἐπῄει
1724 2614 1820 2657 Ath

130 2674 135 2731 Ι
169 2690 239 2724 τις
268 2673 370 2716 Μοι·
492 2679 546 2717 12
579 2671 627 2732 ἢ]
660 2674 739 2718 καὶ
773 2675 1043 2719 AthUVaB
1174 2679 1228 2717 14
1261 2673 1485 2728 στρατοὺς
1515 2673 1618 2716 Mor
1685 2686 1819 2727 στρα-

125 2731 254 2786 τούς,
292 2733 576 2790 στρατηγοὺς
613 2733 939 2786 καθεύδοντας
977 2732 1158 2790 ἐνάγων
1198 2733 1264 2783 εἰς
1303 2730 1580 2788 φροντίδας,
1620 2729 1821 2788 ῥήτορας

126 2794 284 2834 λυπῶν
316 2792 420 2835 coni
452 2792 540 2848 Re,
582 2792 657 2835 cui
697 2792 943 2836 oblocutus
987 2794 1059 2837 est
1088 2792 1252 2836 Iacobs
1283 2792 1398 2836 Lect
1429 2796 1532 2845 203⁷
1646 2795 1701 2835 15
1733 2790 1817 2846 τὴν

126 2850 275 2906 λύπην
305 2850 388 2906 τὴν
420 2851 524 2908 Rog
551 2853 556 2907 Ι
582 2857 718 2895 twa?
841 2856 894 2895 17
925 2850 1155 2909 βέλτιστον
1197 2851 1313 2896 VaB
1434 2854 1489 2894 18
1522 2849 1567 2894 οἱ
1600 2852 1647 2893 et
1677 2850 1818 2905 ἐπην-

127 2911 317 2964 ώρθουν
351 2911 440 2954 Μα
583 2914 638 2953 20
678 2909 956 2967 τιμιωτάτου
988 2911 1091 2954 Mor
1133 2913 1138 2967 Ι
1181 2911 1476 2955 ἀποκτενεῖτε
1512 2908 1679 2965 scripsi
1710 2922 1817 2951 auc-

125 2970 224 3012 tore
258 2967 430 3012 Cobet'o
462 2968 631 3012 Mnem.
657 2969 721 3012 III
755 2974 839 3013 156
873 2983 978 3013 cum
1001 2969 1105 3027 Rog
1166 2970 1460 3014 ἀποκτείνετε
1490 2967 1600 3011 libri
1632 2967 1734 3011 Mor
1748 2967 1817 3010 Re
