2026 3192
705 121 957 167 NEOChIS
990 118 1218 166 ORATIO·
1690 121 1799 174 479

113 259 471 327 βουλεύμασι,
510 257 599 311 καὶ
642 256 827 330 ἐῴκεις
864 256 957 325 νηὶ
996 264 1141 326 κῦμα
1179 258 1241 310 τὸ
1275 257 1377 327 μὲν
1409 258 1805 327 διαφευγούσῃ,

113 348 250 417 πρὸς
289 344 351 400 δὲ
386 348 446 400 τὸ
478 345 771 417 μαχομένη.
810 344 902 399 καὶ
933 340 1004 413 ἦν
1035 344 1245 413 ἀνάγκη
1285 348 1415 409 τοὺς
1445 343 1548 415 μὲν
1579 345 1805 414 ἐρωτᾶν,

113 445 228 499 τοῖς
274 433 335 489 δὲ
382 435 809 503 ἀποκρίνεσθαι,
862 444 978 497 τοῖς
1032 434 1093 487 δὲ
1130 435 1515 503 προστάττειν,
1568 437 1699 497 τοὺς
1744 431 1805 488 δὲ

113 529 320 592 καλεῖν,
359 526 489 587 τοὺς
521 522 581 577 δὲ
615 522 924 591 ἐκπέμπειν,
963 524 1053 576 καὶ
1084 532 1201 586 τοῖς
1235 520 1335 592 μὲν
1368 522 1638 592 ἐπιτιμᾶν,
1677 526 1808 586 τοὺς

121 614 182 667 δὲ
221 613 482 681 ἐπαινεῖν,
521 623 636 676 τοῖς
674 610 734 665 δὲ
773 612 1070 680 πιστεύειν,
1110 620 1226 675 τοῖς
1265 609 1326 665 δὲ
1366 611 1639 679 ἀπιστεῖν,
1678 614 1809 675 τοὺς
1855 631 1875 664 5

113 699 215 770 μὲν
252 703 594 772 ὑφορᾶσθαι,
632 711 747 765 τοῖς
786 702 848 754 δὲ
885 706 1139 770 θαρρεῖν,
1178 702 1294 764 τοῖς
1332 698 1434 768 μὲν
1465 702 1600 769 ἅπερ
1643 700 1807 770 ἐφρό-

113 811 228 854 νεις
267 790 464 860 λέγειν,
505 792 641 861 πρὸς
681 788 740 844 δὲ
779 792 909 853 τοὺς
955 789 1132 859 ἀπάτῃ
1179 796 1436 859 χρῆσθαι.
1487 790 1577 842 καὶ
1625 790 1807 853 οὐδεὶς

114 880 184 933 ἂν
239 879 660 950 ἐξαριθμήσειεν
700 879 734 933 ἃ
779 881 902 932 τότε
948 894 1051 932 σου
1099 879 1200 947 τὴν
1253 880 1480 948 γνώμην
1533 877 1623 931 καὶ
1678 882 1808 941 τοὺς

115 970 448 1039 ὀφθαλμοὺς
486 968 577 1022 καὶ
618 970 682 1022 τὰ
721 966 834 1022 ὦτα
875 967 1057 1037 ἐζήτει.
1092 960 1134 1040 ᾧ
1165 971 1362 1021 τοίνυν
1395 968 1496 1021 οὐκ
1536 965 1669 1036 ἐνῆν
1699 967 1806 1021 ὑπὸ

114 1061 368 1127 πλήθους
391 1067 504 1111 τῶν
535 1059 970 1127 περιεστηκότων
1000 1057 1337 1127 πραγμάτων
1370 1054 1489 1109 οὐδ’
1523 1056 1807 1125 ἀναπνεῖν,
1833 1076 1875 1109 ιο

114 1148 290 1220 τούτῳ
329 1156 569 1218 προσῆκε
600 1145 965 1216 προστιθέναι
997 1149 1248 1215 φορτίον,
1288 1148 1490 1214 λόγους
1529 1145 1809 1214 ἀναβολὴν

117 1235 472 1306 δεχομένους;
526 1237 617 1289 καὶ
667 1244 783 1298 τοῖς
830 1234 931 1288 οὐκ
979 1232 1260 1302 ἐπείγουσι
1307 1235 1373 1287 τὰ
1419 1236 1809 1302 κατεπείγοντα

115 1326 381 1393 βλάπτειν
423 1326 556 1395 ἔδει,
607 1323 698 1377 καὶ
738 1328 820 1387 τίς
859 1323 961 1377 οὐκ
1001 1322 1071 1376 ἂν
1118 1323 1292 1392 ἔφησέ
1334 1343 1399 1392 με
1446 1324 1583 1392 μηδὲ
1614 1324 1809 1393 καιρὸν

117 1412 348 1484 εἰδέναι;
409 1414 497 1466 42.
553 1414 646 1466 διὰ
699 1420 864 1466 τοῦτο
928 1414 1030 1482 τὴν
1085 1411 1376 1482 συνέχειαν
1430 1412 1646 1481 ἐκείνην
1698 1421 1810 1465 τῶν

115 1504 452 1572 πραγμάτων
491 1502 680 1556 οὐδενὶ
721 1503 986 1566 διακόψας
1024 1502 1159 1571 μετὰ
1189 1503 1291 1569 τὴν
1322 1500 1591 1569 βασιλέως
1623 1502 1810 1570 φυγὴν
1834 1522 1876 1554 16

115 1599 192 1664 τῷ
226 1598 399 1663 καιρῷ
432 1601 655 1661 χρῶμαι.
696 1588 828 1644 οὐδὲ
860 1589 984 1661 γάρ,
1024 1592 1075 1643 εἰ
1102 1591 1404 1659 παλαιστὴς
1435 1589 1515 1643 ὢν
1548 1589 1814 1659 ἐτύγχανέ

116 1702 209 1750 μοι
250 1684 635 1748 Θεμιστοκλῆς,
677 1676 772 1733 εἶτ’
835 1685 842 1744 Ι
901 1678 959 1732 ἐν
998 1685 1074 1751 τῷ
1113 1687 1209 1747 τῆς
1247 1678 1631 1748 ἀποκηρύξεως
1677 1682 1799 1727 RIV
1814 1687 1899 1728 386

116 1770 409 1838 ἠγωνίζετο
449 1771 646 1841 χρόνῳ,
687 1768 792 1838 ἐγὼ
835 1767 884 1821 δ’
931 1767 1200 1839 ἐθεώμην,
1241 1768 1269 1822 ὁ
1310 1765 1370 1821 δὲ
1412 1768 1661 1838 ἐπῃνεῖτο
1693 1767 1811 1838 μέν,

118 1859 272 1912 οὔπω
306 1844 388 1911 ’δὲ
442 1854 550 1927 εἶχε
604 1858 704 1921 τὸν
760 1856 1060 1926 στέφανον,
1123 1858 1397 1911 εἰσελθὼν·
1455 1857 1525 1911 ἂν
1582 1860 1660 1920 εἰς
1713 1858 1812 1910 τὸν

118 1946 306 2016 ἀγῶνα
352 1947 454 2015 τὴν
500 1945 842 2016 ἀποκύρυξιν
889 1943 1055 1999 ἔλυον
1101 1954 1322 2015 πρᾶγμα
1369 1946 1622 2016 ἐμβαλὼν
1667 1948 1809 2000 πολὺ
1834 1967 1878 1999 80

118 2046 230 2088 τῶν
268 2035 330 2089 ἐν
368 2044 487 2098 ταῖς
525 2034 677 2105 χερσὶ
720 2034 1152 2105 κεχωρισμένον,
1193 2035 1329 2089 ἀλλὰ
1368 2034 1515 2088 τοῦτ’
1564 2034 1634 2088 ἂν
1673 2038 1811 2089 εἰκό-

118 2144 222 2187 τως
262 2124 489 2178 ἐποίουν
529 2123 617 2177 ἐπὶ
657 2132 732 2197 τῷ
764 2124 1085 2194 κηρύγματι.
1124 2123 1273 2178 τοῦτ’
1321 2121 1424 2178 οὗν
1462 2123 1552 2176 καὶ
1587 2132 1692 2177 νῦν
1726 2124 1812 2177 ἐπὶ

119 2220 193 2284 τῷ
233 2213 485 2284 στεφάνῳ
525 2223 685 2280 ποιῶ,
724 2211 1000 2281 στέφανον
1040 2214 1143 2282 γὰρ
1186 2215 1355 2281 ἔγωγε
1395 2216 1541 2265 καλῶ
1582 2214 1682 2266 σὸν
1714 2214 1813 2266 τὸν

118 2302 386 2369 βασιλέως
426 2303 687 2372 δρασμόν.

240 2407 263 2446 7
298 2403 355 2446 cf.
388 2404 450 2446 ad
480 2419 524 2460 p.
553 2409 665 2458 72‚2
1525 2432 1642 2486 πρὸς

240 2498 262 2535 1
290 2492 598 2550 βουλεύμασιν
622 2494 666 2537 L
693 2495 698 2548 Ι
728 2493 963 2551 φευγούσῃ
992 2493 1029 2537 Ο
1147 2497 1172 2534 2
1198 2492 1316 2546 πρὸς
1340 2505 1414 2535 om
1439 2493 1474 2535 I
1526 2491 1578 2535 τὸ
1605 2493 1694 2535 Ma

121 2555 145 2593 6
177 2552 286 2601 τοὺς
311 2564 335 2594 e
359 2552 526 2608 τοῖς(1)
552 2552 715 2596 corrB
743 2554 750 2608 Ι
779 2550 967 2607 ἐφρόνει
987 2553 1032 2596 Β
1157 2556 1181 2594 7
1214 2551 1295 2595 καὶ
1319 2564 1395 2594 om
1423 2551 1548 2596 GMa
1669 2554 1694 2592 S
1729 2564 1812 2593 σου

121 2610 286 2667 scripsi
318 2624 342 2654 e
370 2611 406 2655 0
465 2625 537 2654 σοι
569 2610 738 2666 reliqui
769 2610 879 2654 libri
912 2610 1002 2654 edd
1141 2613 1196 2654 10
1232 2609 1422 2653 vocibus
1454 2617 1545 2654 τῶν
1577 2623 1813 2666 περιεστη-

120 2667 269 2714 κότων
300 2684 458 2713 rursus
489 2670 566 2713 inc
592 2670 652 2714 Cr
682 2670 748 2713 fol
773 2674 853 2713 43v
976 2674 1030 2713 13
1064 2669 1235 2726 ἔφησεν
1263 2669 1322 2713 Cr
1455 2674 1509 2712 15
1542 2668 1697 2726 φυγὴν
1725 2670 1813 2712 Μα

121 2729 202 2772 sed
235 2743 281 2773 σι
313 2742 526 2785 suprascr
555 2729 626 2772 m²
698 2728 832 2786 σιγὴν
857 2730 1042 2774 LILau
1187 2732 1242 2771 18
1276 2725 1348 2772 ’ὅδ’
1377 2729 1410 2771 Ι
1551 2733 1603 2771 19
1643 2726 1752 2770 indo
1785 2741 1813 2771 a

119 2801 231 2831 voce
264 2787 497 2844 στέφανον
530 2787 760 2844 scriptura
791 2789 840 2831 in
869 2788 928 2832 Gr
960 2787 1094 2831 valde
1127 2787 1318 2831 evanuit
1453 2792 1521 2830 21
1541 2786 1811 2844 κεχωρισμέ-

122 2862 216 2891 νων
243 2847 280 2890 0
421 2852 475 2890 22
509 2853 645 2890 τοῦτο
670 2848 763 2891 BL
796 2847 876 2891 sed
912 2847 962 2890 in
992 2847 1080 2890 hoc
1113 2862 1137 2889 ο
1170 2859 1195 2890 e
1215 2843 1228 2859 ³
1269 2859 1371 2889 corr
1514 2850 1569 2888 23
1602 2848 1664 2888 τῶ
1689 2845 1813 2889 inser

125 2905 234 2949 ΜιιῖΙ
268 2908 274 2961 1
308 2909 431 2950 καλῶ
465 2906 547 2950 σὸν
581 2906 744 2962 scripsi
777 2919 801 2949 e
829 2907 917 2949 Ma
949 2906 1031 2949 sed
1064 2919 1135 2949 σοι
1166 2919 1307 2960 supra
1338 2919 1420 2948 σον
1453 2906 1536 2959 m³‚
1568 2892 1753 2948 BI'Lau

120 2966 244 3007 καλῶ
278 2979 349 3008 σοι
375 2965 417 3008 L
450 2965 531 3008 sed
564 2981 608 3008 οι
640 2965 688 3007 in
721 2979 795 3008 ras
828 2965 910 3019 ω’,
944 2965 1034 3007 edd
1095 2964 1318 3008 κολοσσὸν
1345 2965 1382 3008 0
