2026 3192
241 165 349 218 226
717 164 943 209 LIBANII
973 165 1362 210 DECLAMATIO
1393 165 1457 210 IV

345 307 476 364 Quos
509 324 567 354 ex
597 306 674 354 his
707 307 760 354 in
785 321 984 355 censum
1009 306 1255 354 vocandos
1281 306 1398 353 duxi
1423 306 1612 355 codices
1645 308 1746 355 fere
1777 307 1930 356 iidem

239 384 358 428 sunt
389 383 537 443 atque
569 382 622 428 in
653 381 868 429 Menelai
899 380 1254 428 declamatione
1286 381 1347 428 H
1353 380 1633 429 VGBPaM
1639 382 1868 431 Vz‘MaGl.

350 455 518 503 Etiam
558 456 617 503 de
655 456 847 503 ratione
888 469 1013 515 quae
1059 455 1192 502 inter
1235 454 1325 502 hos
1371 455 1635 502 intercedit
1674 455 1732 503 ad
1783 471 1842 504 ea
1879 459 1930 504 te

238 529 409 593 delego
443 545 568 590 quae
600 544 750 591 supra
773 546 819 591 p.
850 529 951 577 195
980 527 1196 590 exposui.
1246 527 1466 576 Stemma
1497 528 1626 576 idem
1651 530 1801 591 valet,
1831 530 1931 578 nisi

239 603 371 665 quod
398 602 556 651 -CrLa
567 604 642 651 Va
673 604 725 650 in
756 603 849 651 hac
882 602 1239 650 declamatione
1272 602 1460 652 desunt.

349 677 637 725 Maximus
670 669 1020 742 Planudesl)
1054 693 1229 736 unum,
1264 676 1562 724 Macarius
1604 676 1928 739 Ghrysoce-

237 744 507 816 phalus2)
541 751 708 799 decem
739 752 872 799 locos
905 766 930 798 e
972 750 1330 798 declamatione
1362 751 1615 813 excerpsit.

348 824 427 871 Ad
441 825 733 888 antilogiam
748 824 1055 873 scribendam
1073 840 1131 872 ea
1147 824 1318 872 allexit
1330 825 1658 872 Manuelem
1675 825 1715 872 P
1726 826 1895 874 alaeo
1906 855 1930 862 -

237 900 435 962 logum
458 901 822 961 imperatorem,
839 899 926 961 qui
949 898 1310 946 Antenorem
1335 915 1433 947 non
1459 899 1656 961 quidem
1681 899 1743 947 ad
1766 901 1932 948 Mene-

236 974 321 1034 lai,
346 989 513 1020 verum
541 974 603 1021 ad
619 973 780 1021 Ulixis
806 974 1079 1021 orationem
1102 972 1480 1034 respondentem
1502 974 1708 1022 induxit.
1748 974 1930 1021 Utrum

235 1047 495 1108 perfecerit
525 1063 676 1095 necne
710 1047 958 1110 ambigas:
989 1049 1105 1095 utut
1137 1050 1231 1109 est,
1263 1049 1571 1108 prooemium
1601 1050 1799 1095 tantum
1831 1063 1928 1095 ser-

237 1124 409 1169 vatum
441 1124 515 1169 est
554 1121 719 1169 codice
751 1121 976 1169 Parisino
1009 1137 1081 1183 gr.
1110 1122 1248 1169 3041
1293 1121 1553 1169 chartaceo
1598 1122 1781 1169 saeculi
1811 1122 1930 1169 XIV

237 1195 307 1243 fol
340 1196 436 1243 46ν
466 1196 782 1258 inscriptum:
821 1194 1081 1259 προοίμιον
1114 1192 1386 1259 ἀντήνορος
1416 1193 1539 1260 πρὸς
1571 1193 1779 1244 ὁδυσσέα
1812 1189 1930 1262 (sic)

236 1268 567 1335 πρεσβεύοντα
608 1267 724 1332 μετὰ
772 1268 1005 1332 μενελάου
1053 1265 1175 1334 ὑπὲρ
1222 1275 1309 1332 τῆς
1355 1267 1535 1332 ἓλένης.
1598 1269 1762 1317 Verba
1803 1286 1932 1331 quae

236 1344 589 1392 Boissonadius
621 1343 803 1391 Anecd.
837 1360 907 1406 gr.
934 1343 985 1390 Π
1011 1344 1115 1391 308
1150 1346 1200 1390 et
1234 1345 1337 1391 309
1373 1359 1430 1391 ex
1460 1344 1553 1391 hoc
1584 1344 1749 1392 codice
1775 1344 1930 1392 edidit

236 1418 358 1466 haec
390 1421 531 1466 sunt:

921 1530 1229 1601 Ἀντήνωρ.

345 1642 390 1686 1.
407 1638 470 1688 Τὸ
491 1636 579 1702 μὲν
595 1637 718 1704 πρὸς
737 1636 1004 1687 Μενέλεων
1021 1636 1373 1702 ἀπολογεῖσθαι
1389 1642 1655 1701 πειρᾶσθαι
1671 1637 1753 1687 καὶ
1769 1638 1932 1704 λόγων

237 1712 476 1761 ἅπτεσθαι
510 1712 651 1776 δίκης
682 1710 765 1761 καὶ
797 1710 1072 1772 ἀποδείξεσι
1103 1716 1335 1778 χρῆσθαι,
1369 1709 1434 1771 ὥς
1461 1706 1760 1781 Ἀλεξάνδρω
1793 1712 1930 1782 μόνῳ

238 1784 351 1836 δέον
381 1785 617 1851 ἐγκαλεῖν,
651 1784 676 1835 ὅ
703 1784 755 1835 δὲ
787 1785 869 1835 καὶ
894 1783 1015 1850 ἡμῖν
1047 1784 1262 1852 ἐγκαλῶν
1288 1783 1354 1844 ὡς
1385 1784 1467 1835 καὶ
1498 1781 1614 1851 παρ’
1649 1783 1792 1850 ἡμῶν
1818 1784 1928 1850 ἠδι-

236 1858 449 1924 κημένος
481 1858 652 1924 ἀδικεῖ,
684 1859 939 1927 περίεργόν
979 1878 1062 1924 μοι
1100 1860 1382 1908 παντάπασι
1421 1860 1662 1923 φαίνεται.
1725 1859 1804 1908 ἅτε
1836 1859 1932 1926 γὰρ

237 1932 564 2025 ἐζημιωμένος
597 1953 656 1997 ης
689 1933 1064 2001 διαφερόντως’
1044 1932 1141 1998 ήρα
1172 1941 1259 1983 τοῦ
1290 1933 1498 1992 κάλλους
1530 1932 1934 1998 ὑπερθαυμάζων

237 2007 352 2067 τοὺς
394 2005 692 2072 ὀφθαλμοὺς
733 2016 820 2073 τῆς
867 2015 1033 2073 ψυχῆς
1078 2005 1461 2074 τεταραγμένους
1505 2006 1609 2072 ε’χει.
1665 2006 1746 2056 καὶ
1792 2005 1929 2067 αὔξει

237 2081 390 2150 τούτῳ
423 2081 475 2131 τὸ
506 2082 672 2141 πάθος
705 2080 730 2131 ὁ
761 2089 848 2146 τῆς
880 2080 1205 2146 ἀφαιρέσεως,
1246 2079 1312 2140 ὡς
1351 2081 1474 2145 ῑστε,
1507 2080 1699 2146 τρόπος.
1743 2080 1803 2130 οὐ
1835 2080 1933 2147 γὰρ

238 2156 319 2204 δεῖ
341 2154 463 2222 πρὸς
494 2155 685 2215 εἰδότας
716 2156 963 2219 τηνάλλως
994 2156 1271 2221 διατρίβειν.
1307 2153 1465 2221 ὥσπερ
1499 2148 1592 2204 οὖν
1623 2153 1675 2203 ἐν
1707 2154 1862 2222 σκότῳ
1893 2153 1931 2220 ἢ

237 2228 378 2278 νυκτὶ
411 2229 595 2296 διάγων
628 2228 725 2279 ὑπὸ
759 2229 1050 2293 ζηλοτυπίας
1082 2228 1142 2279 οὐ
1182 2229 1266 2279 τὸν
1306 2228 1538 2293 πολέμιον
1577 2228 1764 2293 βάλλει,
1808 2209 1930 2278 άλλὰ

238 2302 351 2362 τοὺς
383 2302 743 2369 προστυχόντας
775 2300 916 2367 ἡμᾶς.
961 2301 1057 2352 ἀπὸ
1097 2310 1183 2367 τῆς
1215 2301 1367 2366 αὐτῆς
1405 2309 1527 2368 γοῦν
1559 2302 1738 2366 ταύτης
1771 2302 1930 2362 αἰτίας

238 2370 299 2440 ἧς
322 2377 552 2442 προήχθη
570 2375 703 2426 τουτὶ
720 2384 922 2441 ποιῆσαι
948 2376 1096 2441 δηλός
1121 2376 1249 2425 ε’στιν
1274 2374 1340 2435 ὡς
1364 2370 1590 2426 οὐδέποτ’
1612 2395 1675 2424 αν
1699 2377 1925 2440 πεισθείη

239 2443 293 2499 εὗ
326 2449 408 2499 καὶ
440 2451 605 2499 δίκαια
637 2449 874 2516 λέγουσιν.
939 2449 1099 2515 ὥσπερ
1132 2451 1303 2499 τοίνυν
1335 2449 1505 2514 ε’φθην
1544 2449 1713 2509 εἰπών,
1746 2455 1809 2541 τῷ
1837 2447 1930 2514 μὲν

239 2522 390 2573 αυτὸν
421 2525 615 2573 πείθειν
646 2523 835 2574 ἐθέλειν
876 2522 998 2588 μηδὲ
1029 2522 1351 2590 ἐγχειρητέον,
1399 2523 1522 2588 πρὸς
1561 2521 1614 2572 σὲ
1645 2519 1711 2586 δ’,
1745 2517 1782 2572 ὦ
1815 2524 1928 2587 φίλε

234 2592 485 2662 Ὀδυσσεῦ,
517 2596 856 2663 ἐπιτρέποντος
887 2605 972 2646 τοῦ
1006 2598 1167 2661 δήμου
1199 2597 1281 2646 καὶ
1313 2605 1399 2662 τῆς
1423 2599 1607 2662 βουλῆς
1635 2597 1929 2661 πειράσομαι

238 2668 360 2738 ὑπὲρ
393 2669 573 2737 αὐτῶν,
605 2669 673 2731 ὡς
704 2666 808 2731 οἷός
839 2670 887 2720 τέ
917 2671 1033 2735 εἰμι,
1065 2670 1317 2735 συντόμως
1350 2671 1527 2720 δοῦναι
1551 2669 1696 2736 λόγον
1721 2669 1830 2736 περὶ
1855 2664 1932 2719 ὧν

238 2743 450 2809 ἠξίωσας
480 2744 570 2809 τὴν
602 2745 746 2795 πόλιν
778 2742 897 2808 ἡμῖν
930 2745 1191 2809 διαβαλεῖν.

360 2917 401 2971 1)
434 2914 501 2959 Cf.
536 2929 676 2971 supra
706 2930 752 2971 p.
781 2919 863 2958 196
897 2918 930 2958 t.
956 2916 977 2959 I
1006 2930 1052 2971 p.
1080 2920 1147 2958 73.
1182 2917 1210 2962 t.
1240 2914 1303 2958 IV
1333 2930 1386 2971 p..
1406 2919 1503 2957 344.

359 2976 401 3030 2)
436 2973 502 3018 Cf.
536 2976 568 3018 t.
595 2975 616 3017 I
646 2989 690 3029 p.
718 2979 801 3018 351
821 2989 884 3029 sq.
