2054 3192
183 634 203 667 5

161 1078 202 1110 10

162 1523 202 1555 15

232 119 303 171 30
729 118 962 162 LIBANII
993 117 1384 164 DECLAMATIO
1416 118 1438 162 Ι

230 254 467 322 τάληθὲς
507 254 597 307 καὶ
637 262 837 307 τοῦτον
877 253 1145 323 ἐσέμνυνε
1194 255 1424 323 φάσκων
1471 254 1701 324 ἀρχαῖον
1738 273 1926 326 παρει-

231 343 464 411 ληφέναι
519 347 785 411 πλοῦτον,
843 341 958 396 οὔτ’
1015 341 1085 396 ἂν
1149 344 1420 412 ἠδίκησθε
1478 343 1633 410 ὑμεῖς
1679 342 1793 397 οὔτ’
1855 343 1925 398 ἂν

230 431 462 499 ἠσέβητο
503 432 563 484 τὸ
604 437 768 484 θεῖον
808 430 922 485 οὔτ’
969 430 1039 484 ἂν
1070 433 1102 500 ἡ
1136 434 1328 500 νεότης
1361 430 1684 502 διέφθαρτο.
1724 440 1831 486 νῦν
1863 430 1925 486 δὲ

231 519 331 588 οὐχ
371 519 506 588 ὑμῖν
544 523 799 588 βοηθῶν,
840 518 951 573 ἀλλ’
996 520 1136 590 ὑπὲρ
1178 520 1351 573 αὑτοῦ
1396 521 1757 589 λυπούμενος,
1798 519 1920 574 οὐδ’

228 608 365 676 ὑπὲρ
414 617 509 677 τῆς
555 611 765 671 πόλεως
814 610 1253 679 τιμωρούμενος,
1306 607 1416 661 ἀλλ’
1471 609 1820 678 ἀγανακτῶν,
1875 611 1924 663 εἰ

228 697 396 767 ὅσπερ
438 696 551 750 ἐστὶ
589 697 680 750 καὶ
721 697 884 766 δόξει,
924 698 1183 751 πλάττειν
1215 699 1389 761 αἰτίας
1420 696 1511 751 καὶ
1553 707 1934 766 συκοφαντεῖν·

227 785 485 852 ὑπέμεινε
508 787 809 856 πριάμενος
833 787 932 840 τὸν
966 787 1050 839 ἐπὶ
1085 789 1298 857 δραχμῇ
1323 788 1504 840 πάντα
1526 786 1597 840 ἂν
1619 788 1923 854 ποιήσαντα

226 874 501 943 Μέλητον.
544 875 628 927 30.
654 875 791 945 μέγα
823 876 885 928 δὲ
907 876 1042 945 ὑμῖν
1075 876 1180 946 ἐρῶ
1214 877 1526 946 τεκμήριον,
1554 875 1627 937 ὡς
1651 873 1924 944 ἑτέρωθεν

226 965 551 1032 κινούμενος
574 965 634 1016 τὸ
651 963 926 1032 ,ὑμέτερον
949 967 1291 1034 προΐσταται..
1329 965 1433 1033 ἤδη
1460 966 1564 1033 γὰρ
1590 971 1685 1031 τῆς
1709 971 1926 1034 γραφῆς

228 1051 668 1121 (ἐπενηνεγμένης
684 1051 774 1105 καὶ
792 1061 887 1121 τῆς
904 1055 1082 1115 αἰτίας
1097 1051 1505 1123 κεκηρυγμένης
1520 1053 1645 1119 περὶ
1663 1054 1925 1106 σπονδῶν

226 1140 576 1210 προσέπεμπε
625 1142 909 1212 Σωκράτει
957 1142 1055 1194 τὸν
1109 1142 1210 1210 μὲν
1257 1140 1426 1204 ἀξιῶν
1470 1141 1775 1209 ἀποστῆναι
1821 1148 1921 1194 τοῦ

227 1235 545 1298 μεμνῆσθαι
577 1238 672 1298 τῆς
702 1229 912 1300 τέχνης,
947 1230 1110 1293 αὐτὸς
1142 1227 1203 1283 δὲ
1228 1230 1667 1298 ὑπισχνούμενος
1700 1230 1924 1299 διαγράψ

227 1323 435 1381 ψεσθαι
481 1320 583 1387 τὴν
621 1320 859 1389 γραφήν.
913 1326 1013 1371 τοῦ
1062 1318 1122 1371 δὲ
1163 1320 1443 1387 φήσαντος
1493 1317 1560 1370 οὐ
1607 1319 1923 1373 παύσεσθαι

226 1415 339 1459 τῶν
370 1406 616 1475 ἀληθῶν,
657 1406 758 1469 ἕως
790 1407 859 1460 ἂν
892 1405 1112 1477 ἐμπνέῃ,
1153 1408 1456 1477 χρήσεσθαι
1493 1403 1553 1458 δὲ
1584 1415 1700 1468 τοῖς
1732 1407 1920 1470 αὐτοῖς

226 1493 352 1565 περὶ
391 1504 503 1548 τῶν
542 1497 725 1549 αὐτῶν
771 1497 954 1564 λόγοις
992 1496 1082 1548 καὶ
1123 1495 1190 1548 οὐ
1230 1502 1500 1548 τοσοῦτον
1541 1495 1789 1563 ἰσχύσειν
1819 1497 1922 1564 τὴν

349 1691 372 1729 7
407 1686 464 1729 cf.
496 1702 541 1743 p.
569 1690 639 1740 97,
660 1691 732 1731 17.
770 1686 923 1743 [Xen.]
965 1684 1087 1742 apol.
1116 1690 1140 1739 ξ
1169 1688 1237 1728 29.
1265 1683 1431 1742 [Socr.]
1457 1698 1528 1740 cp.
1556 1689 1610 1727 14
1719 1690 1774 1728 10
1798 1684 1920 1731 Plat.

228 1745 348 1790 Men.
374 1760 420 1801 p.
447 1750 502 1789 90
520 1747 573 1789 Α.
610 1750 662 1789 91
683 1744 731 1789 C.
763 1751 819 1789 92
836 1746 955 1800 Asq.
1081 1750 1135 1788 14
1166 1744 1286 1788 Plat.
1312 1742 1434 1799 apol.
1466 1758 1510 1799 p.
1539 1747 1593 1785 29
1611 1743 1650 1786 D

349 1928 370 1965 1
406 1922 601 1981 ἐσήμηνε
635 1925 723 1967 Ma
763 1923 843 1966 sed
874 1939 902 1979 η
923 1925 982 1979 (2)
1015 1921 1065 1964 in
1095 1935 1171 1965 ras
1204 1920 1275 1964 m²
1396 1926 1420 1965 2
1454 1918 1546 1964 οὔτ’
1569 1922 1630 1977 (1)
1652 1925 1749 1963 -3
1782 1923 1918 1966 θεῖον

229 1997 303 2026 om
322 1982 410 2025 Ma
532 1987 556 2024 2
583 1980 812 2038 ἠδίκησθε
837 1982 1003 2038 scripsi
1020 1981 1286 2025 auctoribus
1305 1979 1461 2024 Gasda
1486 1982 1533 2024 ct
1551 1978 1722 2024 Cobcto
1747 1979 1918 2025 Mncm.

228 2041 283 2085 N.
312 2041 354 2084 S.
379 2041 442 2084 ΠΙ
467 2045 551 2084 144
577 2056 683 2085 cum
707 2041 810 2099 Rog
870 2042 1114 2098 ἠδικεῖσθε
1137 2042 1231 2084 Ath
1243 2041 1285 2084 U
1292 2041 1373 2085 VB
1399 2039 1500 2083 Mor
1515 2039 1582 2082 Re
1706 2044 1731 2082 3
1764 2037 1919 2099 ἠσέβει

236 2101 279 2145 U
285 2101 400 2144 VaB
522 2105 550 2142 4
582 2101 691 2157 ὑμῖν
725 2103 815 2145 Μα
847 2101 926 2144 scd
952 2117 981 2144 v
1007 2113 1062 2143 cx
1093 2117 1120 2155 η
1155 2113 1257 2143 corr
1286 2099 1357 2142 m²
1384 2101 1389 2155 Ι
1418 2099 1563 2142 αὑτοῦ
1597 2098 1760 2154 scripsi
1793 2112 1848 2142 ex
1880 2099 1925 2144 U

228 2174 333 2203 cum
364 2159 467 2216 Rog
529 2160 673 2203 αὐτοῦ
705 2159 875 2215 reliqui
906 2159 1015 2202 libri
1047 2159 1149 2202 Mor
1165 2159 1234 2202 Re
1355 2163 1381 2202 5
1407 2158 1448 2202 εἰ
1473 2155 1612 2213 ὅσπερ
1643 2157 1830 2214 reposui
1863 2171 1918 2201 cx

227 2219 495 2263 AthUVaB
538 2232 642 2262 cum
681 2219 785 2276 Rog
861 2219 925 2268 εἰς
965 2218 1113 2273 ὥσπερ
1157 2220 1245 2262 Μα
1286 2217 1367 2261 sed
1407 2235 1429 2268 ς
1468 2216 1544 2261 dcl
1579 2217 1649 2259 m²
1724 2216 1766 2261 εἰ
1806 2215 1916 2273 ὅπερ

230 2277 432 2321 Sintenis
472 2279 520 2321 et
558 2277 704 2321 Cobet
865 2277 993 2333 εἴπερ
1033 2277 1135 2320 Mor
1150 2277 1217 2320 Re
1292 2277 1333 2321 εἰ
1370 2273 1572 2330 περίεστι
1610 2275 1772 2319 Iacobs
1804 2275 1918 2320 Lech

230 2342 313 2380 194
338 2336 444 2393 App
469 2336 579 2380 Pors
598 2341 683 2380 308
708 2336 752 2379 N
754 2338 803 2381 ot
828 2342 851 2380 9
955 2342 979 2380 6
1005 2335 1220 2380 πλάττειν
1245 2335 1399 2386 δεινὸς
1423 2333 1576 2384 αἰτίας
1600 2335 1704 2379 coni
1728 2334 1796 2378 Re

230 2401 253 2439 7
287 2398 468 2453 δραχμῇ
501 2397 687 2451 reposui
721 2410 746 2440 c
773 2396 1034 2440 MaUVaB
1061 2409 1166 2438 cum
1190 2395 1292 2451 Rog
1354 2397 1583 2452 δραχμαῖς
1613 2395 1708 2438 Ath
1731 2393 1833 2438 Mor
1847 2393 1915 2437 Re

286 2453 401 2499 δέκα
433 2457 662 2512 δραχμαῖς
694 2453 838 2499 Cobet
873 2457 878 2511 Ι
917 2453 1178 2509 ποιήσαντα
1212 2453 1377 2510 scripsi
1409 2467 1463 2497 ex
1494 2454 1636 2497 AthB
1676 2466 1779 2495 cum
1811 2452 1916 2509 Rog

286 2511 539 2567 ποιήσοντα
574 2514 789 2558 MaUVa
828 2514 930 2558 Mor
945 2514 1011 2557 Re
1157 2519 1182 2557 8
1226 2512 1442 2569 Μέλητον
1484 2511 1671 2568 reposui
1702 2525 1727 2556 e
1781 2510 1915 2554 libris

227 2586 332 2615 cum
375 2572 478 2629 Rog
562 2571 764 2617 Μέλιτον
807 2572 909 2616 Mor
924 2572 993 2616 Re
1042 2575 1048 2629 Ι
1099 2572 1184 2627 ἐρῶ
1219 2573 1308 2616 Μα
1347 2571 1428 2614 sed
1461 2579 1495 2615 ῶ
1534 2572 1583 2613 in
1620 2584 1695 2614 ras
1727 2569 1797 2612 m²

230 2636 284 2675 10
316 2634 531 2675 σπονδῶν
566 2632 656 2675 Μα
694 2632 774 2674 sed
814 2648 869 2675 ον
907 2632 957 2674 in
995 2645 1070 2674 ras
1101 2631 1173 2674 m²
1309 2636 1360 2673 11
1394 2628 1634 2684 Σωκράτει
1670 2628 1858 2684 reposui
1890 2641 1914 2671 e

226 2690 360 2734 libris
405 2692 592 2735 auctore
635 2690 843 2734 Iacobsio
890 2691 1002 2733 Lech
1036 2694 1120 2733 194
1158 2689 1254 2733 Not
1286 2693 1311 2732 9
1356 2703 1461 2732 cum
1498 2688 1603 2745 Rog
1685 2687 1912 2743 Σωκράτη

226 2750 329 2794 Mor
358 2749 425 2793 Re
549 2753 602 2791 12
636 2748 989 2805 διαγράψεσθαι
1029 2749 1194 2804 scripsi
1227 2761 1251 2791 c
1283 2749 1328 2791 B
1369 2750 1554 2791 auctore
1596 2746 1768 2790 Cobcto
1809 2759 1914 2788 cum

226 2808 329 2865 Rog
398 2807 765 2865 διαγράψασθαι
799 2809 1110 2852 MaAthUVa
1151 2807 1253 2850 Mor
1267 2806 1334 2850 Re
1457 2810 1511 2849 14
1552 2805 1792 2861 ἀληθινῶν
1827 2806 1915 2849 Μα

231 2868 235 2924 ᾗ
271 2867 528 2925 κηδόμενος
558 2866 631 2910 vel
669 2867 764 2910 talc
804 2867 917 2922 quid
956 2869 1062 2923 post
1101 2867 1292 2922 ἀληθῶν
1323 2864 1619 2908 inserendum
1659 2864 1763 2908 coni
1801 2864 1868 2906 Re
1901 2864 1911 2924 4

228 2925 417 2982 ἐμπνέοι
457 2927 623 2972 UVaB
653 2927 657 2983 Ι
686 2925 952 2983 χρήσασθαι
984 2926 1205 2969 AthUVa
