2026 3192
696 121 949 167 NEOCLIS
982 121 1206 166 ORATIO
1685 123 1793 176 463

101 257 202 311 ἐπὶ
243 268 381 321 τοῖς
419 257 660 326 υἱέσιν,
701 258 821 326 ἐγὼ
862 258 931 311 δὲ
974 257 1276 327 ἐρυθριῶ.
1333 260 1422 311 καὶ
1462 260 1599 327 πρὸς
1632 262 1795 328 Διός,

99 343 140 399 ὦ
195 348 395 416 ἄνδρες
449 347 723 415 δικασταί,
786 352 840 400 εἴ
887 367 940 400 τι
997 347 1273 415 ψεύδομαι
1334 349 1570 415 τούτων,
1622 344 1794 411 ὀὗτος

98 435 263 499 αὐτὸς
301 434 400 503 ὑφ’
444 435 601 503 ὑμῶν
640 435 952 506 ἐρωτάσθω.
993 437 1156 504 φήσει
1199 437 1305 506 γὰρ
1347 438 1420 499 ὡς
1458 437 1656 505 ἀκήκοε
1704 438 1793 490 καὶ

96 531 267 578 ταῦτα
304 523 397 578 καὶ
438 528 518 578 ε”τι
556 528 741 579 πλείω.
781 527 958 594 μάτην
999 522 1060 578 δὲ
1091 525 1198 594 ἄρα
1229 522 1437 593 ἔλεγον.
1479 525 1655 598 ἑαυτῷ
1686 528 1791 597 γὰρ

95 613 250 682 ἠξίου
297 614 610 684 προσέχειν,
657 613 774 668 ἀλλ’
831 615 897 668 οὐ
948 621 1025 686 τῷ
1070 618 1250 684 πατρί.
1328 616 1377 666 9.
1425 616 1490 667 τὰ
1535 612 1637 683 μὲν
1688 610 1792 669 οὖν
1836 635 1857 667 5

10 735 11 738 =
94 703 232 756 ἄλλα
270 702 361 756 καὶ
402 703 596 774 φέρειν
635 697 752 767 οἷός
797 723 855 757 τε
905 700 975 772 ἦν
1022 703 1333 773 ἀχθόμενος
1377 702 1496 772 μέν,
1544 703 1689 772 ὅμως
1729 703 1790 756 δὲ

91 795 307 845 πείθων
354 791 594 862 ἐμαυτὸν
633 792 954 863 ἀνέχεσθαι·
1010 791 1095 860 ἐφ’
1153 785 1196 863 ᾧ
1250 791 1313 845 δὲ
1367 794 1493 845 λίαν
1548 792 1789 861 ἐπλήγην

0 896 3 936 t
91 882 211 934 τότε
249 879 352 949 μὲν
391 880 656 953 ἐπράχθη,
695 890 802 936 νῦν
843 882 905 936 δὲ
944 882 1045 935 οὐκ
1084 883 1371 952 εἰρήσεται.
1428 877 1506 934 ὧν
1553 882 1658 951 γὰρ
1698 879 1786 934 καὶ

0 1022 3 1042 ‚
89 969 231 1039 ὑμᾶς
270 970 533 1041 εὐξαίμην
572 971 642 1024 ἂν
681 971 1058 1040 ἐπιλήσεσθαι,
1097 981 1212 1033 πῶς
1251 971 1321 1023 ἂν
1367 978 1537 1023 ταῦτα
1577 971 1788 1033 δίκαιος

91 1064 211 1127 εἵην
250 1061 328 1122 εἰς
366 1059 535 1130 μέσον
575 1060 792 1131 φέρειν,
832 1059 948 1113 ἀλλ’
996 1056 1159 1123 οὗτός
1202 1080 1262 1127 γε
1302 1059 1567 1128 μέμνηται
1605 1058 1696 1112 καὶ
1735 1062 1789 1112 τί
1812 1079 1853 1111 ιο

0 1143 4 1187 ἶ
88 1149 148 1201 τὸ
190 1149 576 1219 πεπραγμένον
615 1148 706 1202 καὶ
746 1157 855 1203 ποῦ
895 1147 986 1202 καὶ
1027 1151 1171 1202 πότε.
1246 1149 1328 1201 10.
1369 1146 1480 1202 τότ’
1526 1144 1630 1201 οὖν
1671 1148 1785 1202 ἐλο-

0 1231 1 1234 *
87 1240 315 1307 γιζόμην
338 1240 476 1308 πρὸς
501 1239 756 1308 ἐμαυτόν,
782 1239 872 1307 ὡς,
899 1241 953 1292 εἰ
985 1236 1102 1308 μὲν
1134 1237 1550 1308 ἐπιτρέποιμι
1582 1245 1785 1290 ταῦτα

87 1326 212 1398 ὁδῷ
252 1329 573 1396 βαδίζειν,
614 1339 922 1397 γενναῖος
961 1328 1311 1381 ἀπολεῖταί
1344 1347 1454 1395 μοι
1493 1335 1640 1389 παῖς
1678 1326 1781 1380 καὶ

86 1416 202 1468 οὐκ
259 1416 399 1484 ἐμοὶ
454 1419 684 1484 μόνον,
747 1416 907 1471 ἀλλὰ
962 1416 1068 1470 καὶ
1125 1424 1196 1486 τῇ
1252 1416 1542 1486 πατρίδι·
1606 1417 1659 1468 εἰ
1702 1412 1783 1468 δὲ

85 1505 492 1575 ἐπιστροφήν
561 1526 706 1559 τινα
776 1507 1178 1575 ποιησαίμην
1247 1504 1352 1558 καὶ
1423 1507 1782 1574 λυπήσαιμι
1807 1523 1847 1556 15

82 1593 187 1646 καὶ
252 1595 443 1663 δίκην
506 1594 815 1665 ἐπιθείην
878 1595 1255 1664 δυναμένην
1316 1597 1645 1663 βοηθῆσαι
1707 1602 1779 1663 τῇ

82 1683 303 1751 φύσει,
335 1686 628 1754 κερδανῶ
661 1686 778 1754 μὲν
810 1685 1029 1752 αὐτός,
1062 1685 1374 1750 κερδανεῖ
1403 1680 1470 1736 δὲ
1502 1682 1534 1750 ἡ
1568 1685 1779 1750 πόλις,

82 1774 261 1825 ἔσται
318 1770 385 1826 δὲ
431 1774 463 1842 ἡ
514 1772 666 1838 δόξα
717 1772 833 1844 μὲν
887 1783 996 1843 τῆς
1052 1775 1288 1840 οἰκίας,
1344 1773 1372 1826 ὁ
1420 1773 1663 1841 καρπὸς
1710 1768 1778 1824 δὲ

79 1864 316 1924 κοινός.
398 1864 480 1915 11.
522 1872 744 1916 σκοπῶν
793 1864 860 1932 δὴ
906 1860 1031 1931 παρ’
1081 1863 1295 1934 ἐμαυτῷ
1336 1872 1450 1924 πῶς
1495 1861 1566 1914 ἂν
1611 1868 1775 1914 τοῦτο

79 1949 295 2017 γένοιτο
335 1951 425 2004 καὶ
465 1954 560 2015 τὰς
601 1952 660 2006 ἐκ
699 1955 881 2021 λόγων
921 1954 1128 2021 βουλὰς
1176 1953 1590 2020 ὑπεροφθείσας
1629 1950 1776 2018 ὁρῶν
1801 1970 1843 2002 20

78 2035 259 2107 ἦλθον
299 2039 384 2093 ἐπὶ
426 2043 526 2110 τὴν
567 2041 673 2095 ἀπὸ
715 2052 826 2095 τῶν
856 2041 1191 2110 πραγμάτων
1223 2039 1313 2092 καὶ
1353 2043 1482 2101 τοὺς
1516 2040 1775 2100 δικαστὰς

77 2129 263 2196 λαβὼν
288 2131 785 2200 συνοργιζομένους
811 2130 1068 2200 διέστησα
1099 2138 1301 2183 τοῦτον
1333 2129 1571 2198 ἐμαυτοῦ
1597 2129 1774 2179 πολλὰ

75 2217 175 2283 μὲν
222 2220 328 2287 πρὸ
375 2227 475 2272 τοῦ
527 2220 993 2289 δικαστηριόυ,ν
959 2221 1026 2288 νὴ
1068 2220 1204 2286 Δία,
1246 2218 1548 2286 δακρύσας,
1595 2216 1771 2268 πολλὰ

76 2306 136 2400 δὲ
176 2305 287 2402 ἐν
276 2308 425 2380 αὐτῷ
464 2310 611 2376 παρὰ
655 2311 834 2363 παντα
891 2307 897 2381 Ι
954 2310 1053 2362 τὸν
1100 2311 1291 2375 λόγον,
1339 2308 1481 2359 πολὺ
1529 2302 1590 2358 δε
1638 2309 1757 2353 RIV
1775 2313 1858 2352 377

194 2442 217 2480 7
253 2453 319 2494 sq.
312 2399 431 2483 —cf
430 2454 474 2495 p.
501 2445 602 2494 488
623 2445 676 2484 16
695 2455 761 2496 sq.
796 2441 1001 2484 Idomen.
1034 2439 1089 2483 fr.
1116 2444 1141 2482 5
1176 2439 1246 2482 ed.
1274 2436 1470 2480 Mueller
1494 2435 1767 2479 Fr.hist.11

73 2501 155 2540 491
285 2504 337 2541 15
372 2498 428 2543 cf
462 2514 504 2555 p
532 2504 632 2554 281
653 2505 706 2543 12

193 2607 214 2644 1
252 2603 300 2647 δὲ
336 2618 410 2647 0111
443 2605 477 2647 Ι
590 2608 615 2645 2
651 2604 790 2654 αὐτὸς
827 2600 962 2653 οὗτος
993 2601 1243 2658 ἐρωτασθω
1280 2602 1317 2645 C
1448 2604 1472 2643 3
1506 2595 1583 2654 ἐφ’
1623 2600 1709 2642 Ma

72 2658 161 2717 ἀφ’
198 2662 307 2705 Lau
382 2660 496 2717 παρ’
532 2664 566 2705 Ι
587 2664 593 2719 1
634 2661 708 2706 οσ’
739 2664 806 2717 ΟΙ
835 2662 1034 2719 ἀκήκοεν
1067 2663 1178 2706 Lau
1299 2666 1324 2703 6
1359 2657 1457 2709 οἶός
1487 2655 1530 2701 τ’
1561 2659 1650 2702 Μα

72 2722 97 2761 8
131 2719 346 2778 ἐπραχθη
381 2723 424 2765 L
456 2722 538 2766 sed
571 2739 598 2778 η
632 2722 681 2764 in
712 2736 788 2766 ras
820 2721 891 2765 m²
959 2721 1207 2779 ἐπράχθην
1239 2719 1349 2764 Lau
1419 2716 1691 2791 ἐταράχθην
1721 2718 1766 2759 Β

193 2783 247 2823 10
280 2797 330 2837 γε
362 2794 438 2823 om
469 2783 499 2824 Ι
619 2786 669 2824 11
705 2778 801 2826 τότ’
834 2780 998 2837 scripsi
1031 2794 1054 2824 e
1081 2781 1189 2824 Lau
1219 2793 1323 2822 cum
1357 2777 1512 2830 Gasda
1572 2773 1624 2821 τό
1648 2773 1691 2819 τ’
1719 2775 1765 2818 Β

128 2881 246 2926 τοῦτ’
279 2884 442 2928 OMaI
458 2884 547 2927 edd
611 2892 746 2929 τοῦτο
772 2887 814 2929 L
940 2890 993 2928 14
1020 2882 1063 2930 δ’
1096 2886 1177 2929 ΒΙ
1294 2887 1346 2926 19
1379 2855 1436 2927 δε
1455 2883 1498 2926 L
1526 2885 1532 2939 Ι
1562 2879 1761 2939 ἐμαυτὸν

74 2941 183 2984 Lau
305 2946 360 2984 20
393 2941 611 2994 παιδείας
645 2945 681 2989 O
801 2949 852 2987 21
889 2945 982 2989 ἀπὸ
1014 2945 1139 3011 inser
1173 2941 1284 2987 Ma²
1420 2947 1475 2985 24
1507 2943 1588 2986 τὸν
1621 2956 1693 2986 0111
1731 2939 1767 2982 C
