2026 3192
715 123 961 169 CIMONIS
994 124 1218 169 ORATIO
1705 126 1810 178 527

122 259 212 331 ἐμὲ
252 262 350 314 τὸν
381 262 508 314 υἱὸν
540 259 627 314 ἐπὶ
660 269 755 330 τῆς
787 261 1149 330 στρατηγίδος
1179 261 1316 323 νεὼς
1347 264 1604 331 μαθητὴν
1635 259 1815 331 ἔργων

119 354 444 420 πολεμικῶν.
521 349 608 402 33.
657 348 795 403 ἀλλὰ
840 357 1012 402 ταῦτα
1065 350 1244 403 πάντα
1298 358 1362 420 τῇ
1418 351 1604 421 πρώτῃ
1651 352 1815 424 πείρᾳ

122 438 466 508 συγκέχυται,
504 436 594 492 καὶ
639 440 832 508 οἰχήσῃ
872 438 974 504 μὲν
1013 438 1178 501 αὐτὸς
1218 438 1392 501 οὕτως
1432 440 1684 509 οἰκτρῶς,
1732 459 1813 493 τε-

119 526 394 596 θνήξομαι
434 524 495 580 δὲ
541 527 706 590 αὐτὸς
755 526 815 580 έν
863 527 1097 593 δεσμοῖς.
1151 528 1276 596 περὶ
1325 524 1383 580 δὲ
1431 535 1526 596 τῆς
1572 527 1814 598 ἀδελφῆς

119 619 176 669 τί
195 618 298 686 χρή
322 636 387 683 με
413 619 634 687 δρᾶσαι;
666 617 802 686 τάχα
827 615 1047 685 βέλτιον
1070 617 1244 685 αὐτὴν
1270 621 1610 670 Πλαταιεῦσι
1641 636 1812 686 παρα-
1860 640 1879 673 5

120 705 332 758 δοῦναι.
387 704 618 768 ἐκείνοις
665 701 745 759 ὧν
797 707 1063 774 προσήκει
1115 703 1304 775 τυχεῖν
1358 705 1626 777 ἐλευθέρᾳ
1680 708 1812 776 κόρῃ

118 796 340 862 μελήσει
387 793 477 848 καὶ
524 796 628 848 οὐκ
675 794 1163 864 ἀμνημονήσουσιν
1208 793 1420 863 ἐκείνης
1465 802 1560 863 τῆς
1614 794 1815 865 ἡμέρας
1866 804 1869 808 “

121 882 181 935 ἐν
219 877 255 953 ᾗ
299 887 747 953 παρακαλοῦντος
794 884 1110 937 Μιλτιάδου
1157 884 1254 946 τὰς
1303 882 1567 954 ὑμετέρας
1621 883 1814 953 ἀρετὰς

120 971 431 1041 ἐμιμοῦντο.

231 1062 317 1114 34.
347 1057 411 1114 Ὦ
450 1062 681 1132 μακάριε
713 1067 936 1133 Δαρεῖε,
976 1061 1185 1115 δέδωκέ
1221 1079 1310 1115 σοι
1347 1063 1508 1131 δίκην
1540 1062 1568 1115 ὁ
1600 1063 1814 1132 τρώσας
1838 1089 1881 1120 10

119 1151 219 1219 τὴν
253 1149 442 1204 Ἀσίαν
483 1151 543 1204 ἐν
583 1152 827 1214 Σούσοις
866 1150 1160 1223 καθημένῳ
1209 1150 1299 1204 καὶ
1348 1151 1414 1204 οὐ
1461 1152 1814 1221 πληρώσαντι

120 1247 254 1302 ναῦς
295 1237 426 1293 οὐδὲ
464 1239 875 1309 καταπέμψαντι
915 1243 1254 1310 στρατηγοὺς
1302 1239 1422 1293 οὐδ’
1467 1239 1813 1292 ἀναλώσαντι

118 1329 364 1397 χρήματα
419 1325 550 1382 οὐδὲ
607 1330 970 1399 φροντίσαντι
1031 1327 1156 1399 περὶ
1211 1338 1323 1382 τῶν
1376 1327 1812 1398 ἀπεσταλμένων.

119 1416 260 1470 ἀλλά
301 1420 369 1470 σὺ
417 1418 518 1484 μὲν
565 1418 668 1471 κᾶν
716 1417 881 1480 αὐτὸς
927 1417 1100 1486 ἡδέως
1148 1417 1494 1487 ἐστρατήγεις
1538 1414 1677 1486 ὑπὲρ
1721 1425 1815 1485 τῆς

119 1507 395 1575 τιμωρίας,
437 1506 465 1559 ὁ
507 1507 569 1560 δὲ
607 1507 740 1560 οὐδὲ
779 1506 1107 1576 κινηθέντος
1145 1507 1393 1560 ἀπόλωλε
1439 1504 1811 1575 κατεγνωσμέ-
1838 1532 1879 1564 15

123 1615 214 1657 νος
243 1594 333 1648 ὑπ’
368 1596 551 1648 αὐτῶν
583 1591 662 1649 ὧν
692 1595 878 1664 ἡγεῖτο
910 1594 1001 1648 καὶ
1032 1599 1294 1665 πεποιήκε
1326 1596 1416 1648 καὶ
1447 1597 1578 1658 τοὺς
1609 1597 1814 1657 ἄλλους

118 1682 521 1755 ἀθυμοτέρους,
560 1683 687 1755 παρ’
734 1681 813 1738 ὧν
853 1686 922 1737 ἄν
961 1705 1012 1738 τι
1055 1683 1146 1738 καὶ
1187 1685 1370 1737 αὐτῶν
1410 1684 1656 1754 ἐπράχθη
1698 1691 1812 1746 τοῖς

119 1781 237 1835 σοῖς
293 1772 546 1826 ἐναντίον
599 1774 893 1844 πράγμασι.
948 1772 1038 1827 καὶ
1093 1773 1605 1842 καταπεπολέμηκας
1656 1771 1811 1841 Ἀθη-

118 1863 310 1924 ναίους
349 1859 421 1914 δι’
468 1861 787 1931 Ἀθηναίων.

229 1950 315 2003 35.
349 1949 492 2004 Ἀλλ’
538 1950 621 2004 ἐπ’
666 1950 881 2005 ἐκεῖνον
919 1949 1021 2021 μὲν
1057 1952 1301 2022 εὔχομαι,
1340 1948 1382 2004 ὦ
1422 1952 1621 2021 ἄνδρες
1652 1949 1811 2018 Ἀθη·
1834 1977 1878 2009 so

105 2049 283 2108 ναῖοι,
317 2039 579 2107 γενέσθαι
612 2042 765 2103 τινὰς
799 2041 930 2109 ὑμῖν
962 2039 1052 2093 καὶ
1084 2041 1359 2109 <fiai-ovs>
1388 2043 1689 2110 χρησίμους
1721 2040 1810 2093 καὶ

117 2129 190 2196 μὴ
217 2129 316 2181 τὸν
347 2137 445 2181 τοῦ
472 2130 762 2198 οἰκήματος
790 2131 972 2198 φόβον
996 2132 1182 2198 μεῖζον
1208 2130 1428 2198 ἰσχύσαι
1460 2138 1572 2181 τῶν
1604 2143 1810 2198 συμφε-

119 2218 336 2286 ρόντων
375 2226 437 2287 τῇ
478 2220 655 2271 πόλει·
696 2219 833 2286 ἡμᾶς
873 2216 932 2271 δὲ
973 2217 1226 2286 ἐλεήσατε
1264 2215 1355 2270 καὶ
1394 2216 1602 2281 δείξατε
1641 2225 1811 2270 πᾶσιν

240 2382 262 2420 1
295 2376 426 2420 Dem.
459 2392 503 2433 p,
531 2383 660 2433 1162,
680 2383 748 2422 29.
782 2379 926 2422 Thuo.
950 2378 992 2422 II
1017 2383 1087 2434 84,
1106 2384 1131 2421 3
1254 2382 1309 2421 22
1343 2378 1400 2422 cf.
1434 2380 1466 2422 t.
1491 2377 1556 2421 III
1581 2382 1680 2431 365,
1697 2383 1749 2422 13

238 2530 262 2567 2
295 2524 451 2569 πάντα
482 2532 627 2569 ταῦτα
653 2527 761 2571 Lau
881 2533 906 2569 3
940 2525 1085 2576 οὕτως
1109 2552 1165 2558 -
1190 2532 1216 2569 4
1250 2526 1390 2576 αὐτὸς
1422 2540 1496 2570 om
1521 2527 1565 2570 B
1601 2530 1606 2582 Ι
1640 2529 1810 2582 τεθνη-

119 2581 298 2640 ξόμεθα
326 2585 381 2628 Vi
501 2589 527 2626 4
560 2585 610 2630 δὲ
635 2586 715 2629 καὶ
739 2585 880 2637 αὐτὸς
911 2586 1015 2629 coni
1038 2586 1107 2629 Re
1229 2590 1254 2628 5
1286 2586 1587 2640 παραδοῦναι
1616 2588 1807 2629 πλαται-

119 2649 219 2687 εῦσι
250 2643 309 2687 Vi
334 2646 339 2698 Ι
379 2645 679 2698 παραδοῦναι
705 2645 748 2688 L
781 2645 862 2688 sed
894 2646 1043 2699 αραδο
1075 2644 1125 2687 in
1156 2659 1229 2687 ras
1261 2644 1331 2687 m²
1452 2649 1477 2687 6
1509 2646 1808 2699 παραδοῦναι

119 2703 230 2745 ante
263 2698 459 2753 ἐκείνοις
490 2704 540 2747 Vi
566 2704 573 2758 Ι
600 2709 802 2759 προσῆκε
827 2705 873 2746 Β
997 2708 1049 2747 12
1082 2703 1192 2748 οὐδὲ
1218 2703 1402 2748 LILau
1425 2703 1516 2747 edd
1640 2709 1693 2748 14
1725 2702 1806 2759 μὲν

120 2761 204 2804 οὐκ
237 2758 297 2804 ἂν
332 2761 389 2805 Vi
525 2767 578 2804 15
611 2760 786 2817 μωρίας
818 2763 876 2805 Vi
1011 2767 1063 2806 17
1097 2763 1213 2817 ὑπὲρ
1239 2763 1394 2807 BLau
1535 2768 1589 2807 18
1621 2763 1701 2807 καὶ
1733 2777 1803 2806 om

119 2820 228 2864 Lau
276 2822 281 2875 1
333 2818 588 2876 ἀθηναίοις
621 2822 679 2865 Vi
820 2826 875 2864 20
919 2820 1102 2878 ἐκείνην
1135 2823 1192 2866 Vi
1335 2826 1387 2865 21
1431 2821 1596 2872 ἄλλους
1633 2822 1806 2865 inserui

119 2881 308 2923 auctore
338 2878 405 2922 Re
467 2893 542 2923 om
573 2879 682 2922 libri
714 2880 804 2923 edd
927 2885 982 2924 22
1013 2879 1264 2936 τιμήματος
1297 2881 1399 2925 coni
1432 2881 1533 2924 Mor
1564 2884 1613 2925 at
1638 2881 1695 2924 cf.
1721 2881 1749 2924 l.
1775 2881 1803 2924 1.

124 2938 128 2994 1
164 2938 377 2995 ἰσχῦσαιῗ
409 2941 459 2981 at
491 2938 547 2982 cf.
582 2939 640 2981 ad
669 2941 700 2981 t.
726 2938 767 2981 H
795 2945 862 2992 11,
881 2944 907 2982 ὃ
