2054 3192
572 82 800 127 LIBANII
830 81 1135 127 APOLOGIA
1167 81 1453 126 SOCRATIS
1798 83 1868 135 55

175 221 354 275 πολλὰ
393 226 620 273 τοιαῦτα
666 217 955 287 γεγονέναι
1001 227 1112 271 τῶν
1144 215 1382 288 Ὁμήρου
1430 216 1868 287 συλλεγομένων·

177 312 247 363 σὺ
298 307 348 361 δ’
403 307 462 361 ἐν
517 309 855 377 δημοκρατίᾳ
909 315 1084 369 ποιεῖς
1138 307 1470 374 τυραννίδος
1522 307 1868 376 χαλεπώτερα

175 395 266 451 καὶ
307 404 479 449 ταῦτα
519 395 761 448 ἐπαινῶν
799 396 896 449 τὸν
933 394 1113 464 Θησέα
1152 403 1251 449 τοῦ
1291 402 1386 463 τῆς
1425 395 1592 464 ἀρχῆς
1623 395 1693 463 ἣν
1724 391 1870 464 εἶχεν

174 485 494 553 ἀποστῆναι.
551 485 611 548 ὃς
658 485 724 538 οὐ
771 485 863 538 διὰ
910 492 1075 537 τοῦτο
1122 485 1223 553 τὴν
1251 483 1591 559 Ιἐλευθερίαν
1636 491 1735 537 τοῦ
1775 485 1869 553 δή-

175 595 285 644 μου
317 575 422 644 πρὸ
454 582 550 642 τῆς
582 572 831 638 ἐξουσίας
864 573 1153 642 ἐποιήσατο
1185 581 1280 642 τῆς
1312 572 1504 641 αὑτοῦ,
1537 573 1629 625 ἵνα
1646 571 1869 635 Ἄνυτος
1915 594 1936 628 5

172 661 264 716 καὶ
320 661 574 732 Μέλητος
636 663 890 716 κωλύωσι
953 661 1310 731 διαλέγεσθαι
1371 662 1470 715 τὸν
1522 663 1869 731 βουλόμενον

165 749 487 820 Ἀθήνησιν,
543 749 649 804 ἀλλ’
708 751 799 804 ἴνα
852 751 1056 813 παντὸς
1103 748 1510 820 ἀπηλλαγμένοι
1567 748 1728 813 δέους
1777 748 1869 803 καὶ

173 842 269 903 τὰς
307 842 486 910 ψυχὰς
525 840 778 907 ἀσκῶμεν
817 842 1102 909 μαθήμασι
1141 838 1232 893 καὶ
1279 840 1345 892 τὰ
1392 840 1614 909 σώματα
1661 860 1868 909 γυμνα-

175 933 329 992 σιόις.
395 930 478 982 74.
511 928 601 982 καὶ
635 930 727 981 διὰ
767 936 930 982 τοῦτο
970 930 1142 982 καλὸν
1173 927 1262 982 καὶ
1295 930 1525 997 ἥδιστον
1558 929 1620 981 αἱ
1642 927 1869 998 Ἀθῆναι

173 1018 353 1085 θέαμα
384 1016 474 1070 καὶ
506 1019 859 1086 πανταχόθεν
894 1015 900 1089 Ι
937 1019 1103 1087 δεῦρο
1136 1027 1368 1087 φοιτῶσι
1399 1018 1490 1071 καὶ
1522 1016 1686 1070 ναυσὶ
1762 1023 1956 1067 R1H26

171 1106 262 1160 καὶ
287 1110 414 1177 πεζῇ
440 1106 531 1160 καὶ
558 1107 617 1160 οἱ
636 1104 738 1176 μὲν
762 1106 1102 1175 κατέμειναν,
1127 1108 1180 1161 οἱ
1206 1104 1266 1160 δὲ
1289 1110 1448 1175 μόλις
1473 1106 1748 1176 ἀπῆλθον,
1766 1107 1867 1177 οὐχ
1894 1130 1934 1161 11

171 1195 258 1248 ὅτι
298 1195 583 1265 τραπέζαις
622 1205 861 1264 νικῶμεν
902 1196 1160 1266 Σύβαριν
1200 1195 1321 1250 οὐδ’
1368 1195 1452 1249 ὅτι
1502 1205 1698 1265 πυρῶν
1734 1195 1867 1264 ἡμῖν

169 1285 414 1354 εὔφορος
453 1284 484 1353 ἡ
526 1292 620 1353 γῆ,
675 1285 1006 1338 τούναντίον
1060 1285 1191 1354 γάρ,
1246 1282 1288 1338 ὦ
1329 1286 1527 1353 ἄνδρες
1565 1283 1867 1353 Ἀθηναῖοι,

167 1382 289 1436 τοῖς
326 1371 426 1437 ἔξω
467 1372 805 1440 τικτομένοις
844 1376 1180 1443 τρεφόμεθα,
1222 1372 1332 1427 ἀλλ’
1379 1374 1464 1427 ὅτι
1497 1375 1676 1442 λόγων
1717 1372 1867 1427 ἐστὶν

168 1461 535 1532 ἐργαστήριον
573 1461 606 1530 ἡ
654 1465 825 1525 πόλις.
881 1462 909 1515 6
955 1461 1058 1532 μὲν
1103 1464 1288 1533 ἤρετο,
1343 1462 1372 1516 6
1413 1459 1474 1515 δὲ
1521 1462 1864 1532 ἀπεκρίνατο.
1892 1484 1932 1518 15

168 1559 247 1622 τῷ
285 1547 387 1617 μὲν
426 1549 632 1619 ὑπῆρξε
672 1557 893 1620 μαθεῖν,
933 1551 962 1605 6
997 1549 1056 1605 δὲ
1098 1551 1324 1615 ἐδίδαξε.
1364 1552 1462 1605 τὸν
1493 1551 1595 1619 μὲν
1627 1550 1768 1614 ἴδοις
1797 1550 1866 1604 ἂν

170 1639 506 1693 ἐπαινοῦντά
544 1659 596 1693 τι
635 1649 747 1693 τῶν
785 1649 901 1703 τοῖς
938 1638 1259 1710 ἔμπροσθεν
1306 1639 1634 1710 εἰρημένων,
1674 1641 1771 1693 τὸν
1805 1640 1866 1694 δὲ

169 1729 516 1797 αἰτιώμενον,
556 1729 655 1782 τὸν
695 1729 756 1782 δὲ
788 1730 952 1792 δόξαν
992 1729 1058 1783 οὐ
1089 1730 1264 1798 καλὴν
1295 1730 1514 1783 λύοντα.
1572 1728 1654 1783 75.
1694 1737 1866 1783 ταῦτα

170 1816 293 1880 ἄξια
347 1825 442 1885 τῆς
498 1817 559 1870 ἐν
612 1816 907 1886 ἀκροπόλει
960 1824 1126 1886 θεοῦ,
1180 1826 1352 1871 ταῦτα
1397 1828 1508 1872 τῶν
1553 1818 1662 1872 ὑπὸ
1712 1824 1864 1872 θεῶν

168 1905 646 1975 πεπαιδευμένων,
693 1914 865 1960 ταῦτα
910 1915 1010 1960 τοῦ
1061 1907 1306 1976 Θησέως,
1353 1915 1524 1960 ταῦτα
1569 1915 1666 1976 τῆς
1710 1911 1865 1960 πολι-
1889 1929 1933 1963 20

169 1997 330 2056 τείας.
385 2002 556 2047 ταῦτα
600 2003 748 2047 ποιεῖ
793 1997 895 2065 τὴν
941 1997 1108 2049 πόλιν
1153 1995 1510 2066 χαριεστέραν
1555 2004 1650 2065 τῆς
1690 1999 1863 2049 Λακε-

289 2160 313 2198 3
354 2155 494 2199 Arist.
527 2168 622 2212 rep.
661 2155 765 2199 Ath.
794 2161 908 2209 41‚2
1046 2161 1072 2200 8
1112 2148 1231 2200 Plat.
1265 2156 1387 2200 Prot.
1429 2171 1474 2212 p.
1502 2161 1586 2200 313
1606 2155 1662 2211 C;
1700 2170 1794 2212 rep.
1822 2157 1863 2199 II

168 2228 211 2269 p.
240 2218 325 2258 376
344 2214 401 2268 E;
434 2214 496 2257 ΙΙΙ
528 2229 572 2271 p.
600 2220 686 2258 410
825 2220 878 2258 12
913 2215 963 2259 cf
988 2217 1020 2259 t.
1047 2215 1067 2258 Ι
1091 2221 1192 2270 520,
1211 2220 1259 2270 93
1294 2215 1336 2259 Π
1362 2220 1460 2269 297,
1480 2220 1505 2258 8
1630 2221 1684 2260 13
1717 2215 1860 2259 Thuc.

167 2272 254 2375 {1723
274 2346 328 2388 sq
382 2278 437 2317 14
469 2273 519 2317 cf
545 2274 625 2317 t.1
659 2278 757 2328 156,
777 2278 831 2318 19
977 2279 1031 2318 19
1063 2275 1198 2319 Hom.
1230 2274 1281 2318 11.
1316 2277 1344 2333 β
1376 2279 1460 2318 547
1481 2289 1571 2330 sq.;
1603 2275 1648 2318 h.
1681 2274 1730 2318 in
1764 2274 1860 2319 Cer.

289 2484 312 2523 1
346 2481 542 2532 πολλοὺς
572 2480 813 2531 τοιούτους
844 2479 1001 2525 Gasda
1031 2483 1052 2555 L
1084 2479 1420 2539 ἁπανταχόθεν
1453 2483 1562 2525 ante
1595 2480 1860 2539 συλλεγομέ-

167 2555 263 2583 νων
301 2539 597 2583 inserendum
637 2539 742 2583 coni
773 2540 840 2583 Re
961 2545 986 2583 3
1027 2557 1087 2596 ην
1124 2540 1312 2597 reposui
1344 2554 1368 2584 e
1410 2539 1543 2584 libris
1577 2541 1659 2585 sed
1692 2541 1780 2585 Ma
1811 2540 1860 2584 in

166 2611 243 2641 ras
273 2597 344 2641 m²
375 2599 499 2654 quod
538 2599 644 2642 usui
684 2598 871 2642 Libanii
907 2599 1059 2657 magis
1099 2599 1315 2643 convenit
1353 2613 1495 2655 quam
1542 2595 1597 2654 ἧς
1635 2600 1726 2643 edd

169 2661 196 2699 4
228 2659 445 2702 διατοῦτο
479 2659 525 2702 Β
647 2662 672 2702 5
714 2658 859 2702 αὑτοῦ
892 2658 1058 2715 scripsi
1098 2673 1203 2703 cum
1235 2659 1338 2715 Rog
1414 2665 1558 2703 αυτοῦ
1603 2660 1647 2704 U
1714 2659 1858 2702 αὐτοῦ

167 2714 338 2772 reliqui
376 2716 486 2760 libri
529 2715 631 2760 Mor
647 2716 715 2760 Re
837 2721 862 2760 6
902 2716 1115 2772 Μέλητος
1153 2717 1319 2774 scripsi
1359 2731 1415 2761 ex
1444 2718 1714 2763 AthUVaB
1755 2733 1860 2761 cum

168 2773 272 2832 Rog
331 2773 509 2831 μέλιτος
534 2777 622 2820 Μα
646 2775 831 2820 MorRe
952 2781 977 2819 9
1004 2779 1222 2822 ὃιατοῦτο
1240 2778 1286 2821 Β
1409 2781 1463 2820 12
1490 2774 1593 2830 οὐδ’
1622 2777 1809 2832 reposui
1833 2790 1858 2820 e

171 2834 450 2879 MaAthUB
490 2848 595 2878 cum
626 2834 730 2892 Rog
806 2835 914 2879 οὐδὲ
956 2836 1023 2879 Va
1063 2835 1164 2880 Mor
1180 2835 1249 2881 Re
1298 2837 1305 2892 Ι
1354 2835 1463 2892 ὑμῖν
1503 2836 1653 2881 AthU
1657 2837 1724 2880 Va

171 2897 223 2935 13
250 2891 449 2949 εὔφορος
472 2893 581 2949 ὑμῖν
606 2894 699 2938 Ath
726 2895 732 2950 Ι
761 2892 864 2950 γάρ,
888 2889 923 2938 ὦ
956 2909 1032 2939 0111
1050 2897 1139 2939 Ma
1261 2899 1315 2938 21
1348 2893 1480 2948 τάξιν
1515 2896 1602 2940 Μα
