2054 3192
269 127 374 179 130
742 126 970 170 LIBANII
999 125 1389 171 DECLAMATIO
1422 126 1464 170 II

265 263 397 331 δρὸς
436 264 514 325 εἰς
551 264 613 316 τὸ
657 263 1034 331 δεσμωτήριον
1073 262 1147 325 ὡς
1186 263 1264 325 εἰς
1297 263 1554 331 Λύκειον,
1593 263 1667 326 ὡς
1698 260 1954 326 εἰςἈκα-

176 356 279 401 Mor
295 371 337 412 p.
357 359 443 400 200
477 351 698 419 δημίαν,
734 350 741 419 Ι
777 349 849 413 ὡς
888 349 976 403 ἐπὶ
1014 351 1114 404 τὸν
1148 349 1398 419 Ἰλισσόν,
1438 352 1512 414 ὡς
1543 350 1631 405 ε’πὶ
1661 353 1758 414 τὰς
1789 354 1957 416 ἄλλας

263 440 435 493 αὑτοῦ
476 439 778 508 διατριβάς,
818 435 1007 506 ἔμελλε
1047 436 1108 492 δὲ
1148 439 1302 492 κάκεῖ
1341 438 1688 508 φθέγξεσθαι
1731 440 1822 493 καὶ
1863 445 1956 495 λα-

262 531 466 597 λήσειν.
505 538 620 590 πῶς
660 525 720 581 δὲ
761 528 862 581 οὐκ
901 529 971 581 ἄν
1001 548 1084 591 τις
1123 529 1421 597 ἄνθρωπος
1460 528 1540 582 ὢν
1577 527 1668 582 καὶ
1708 532 1814 594 ζῶν
1853 533 1953 599 ἐ’τι;

221 639 241 670 5
267 616 294 670 ὁ
337 614 397 669 δὲ
435 614 527 669 καὶ
564 616 866 687 προθύμως
912 626 1029 679 τοῖς
1075 615 1311 684 ἑταίροις
1359 622 1795 687 συμφιλοσοφεῖ,
1834 623 1957 672 Σω-

262 707 463 775 κράτης
501 706 605 775 γάρ
647 704 761 758 ἐστι
801 704 892 758 καὶ
933 705 1224 774 δεδεμένος
1256 703 1388 759 οὐδὲ
1418 705 1748 775 κατέπληξεν
1787 708 1958 762 αὐτὸν

262 795 294 863 ἡ
343 802 443 849 τοῦ
499 792 750 864 σώματος
803 795 1089 865 συμφορά,
1143 796 1235 848 καὶ
1287 796 1575 859 τοιούτους
1628 795 1958 866 διεξέρχεται

263 885 462 951 λόγους
502 883 646 936 οὕτω
686 885 880 946 θείους
918 881 1010 936 καὶ
1049 884 1270 951 καλούς,
1309 885 1448 938 ὥστε
1487 887 1539 938 εἰ
1565 885 1764 947 πάντες
1800 885 1957 954 ὑμεῖς

262 973 446 1025 αὐτῶν
484 972 772 1041 ἠκούσατε,
811 972 1031 1035 πάντως
1071 971 1140 1025 ἂν
1180 972 1349 1026 αὐτὸν
1389 971 1630 1027 ἐλύσατε.
1990 960 1998 965 “

197 1082 239 1115 10
379 1061 424 1112 7.
467 1060 774 1129 Σωκράτην
811 1058 913 1130 μὲν
949 1056 1053 1114 οὖν
1085 1064 1401 1131 μακαρίζειν
1433 1060 1606 1130 ἄξιον,
1647 1061 1731 1115 ὅτι
1762 1082 1824 1131 γε
1855 1070 1955 1117 τοῦ

263 1149 516 1202 θανάτου
555 1151 960 1219 παρεστηκότος
998 1152 1175 1220 χαίρει
1214 1148 1304 1202 καὶ
1345 1149 1492 1218 λέγει
1529 1151 1621 1203 καὶ
1659 1155 1956 1221 φιλοσοφεῖ

263 1246 378 1300 τοῖς
418 1238 486 1306 δὴ
527 1237 793 1291 ἀκούουσι
832 1239 922 1291 καὶ
961 1239 1377 1308 παρακερδᾶναί
1419 1258 1472 1290 τι
1513 1238 1843 1306 δυναμένοις
1881 1242 1959 1303 εἰς

263 1328 361 1379 τὸν
402 1326 536 1379 ὅλον
573 1327 701 1394 βίον
740 1327 812 1395 μὴ
846 1331 1106 1394 φθονῶν·
1146 1325 1371 1389 Ἄνυτος
1411 1323 1472 1379 δὲ
1513 1328 1618 1397 ἄρα
1648 1326 1739 1380 καὶ
1772 1328 1957 1398 Μέλη-

176 1420 441 1477 Morp.202
474 1434 568 1477 τος
603 1412 608 1485 Ι
644 1410 786 1482 ἦσαν
831 1415 922 1467 καὶ
968 1423 1068 1467 τοῦ
1116 1416 1538 1484 δεσμοφύλακος
1576 1418 1957 1486 χαλεπώτεροι.

200 1527 241 1559 15
269 1503 297 1556 ὁ
338 1503 440 1572 μὲν
471 1503 576 1571 γὰρ
617 1512 894 1573 συγχωρεῖ
942 1512 1200 1573 παρεῖναι
1245 1505 1393 1574 παρὰ
1434 1505 1763 1573 Σωκράτην,
1811 1507 1864 1559 οἱ
1897 1507 1959 1560 δὲ

263 1592 538 1660 ἀνόνητον
584 1599 847 1644 ποιοῦσιν
885 1590 1018 1660 ἡμῖν
1065 1593 1167 1659 τήν
1212 1611 1270 1644 τε
1317 1594 1593 1662 σωτηρίαν
1640 1593 1811 1646 αὐτοῦ
1865 1594 1956 1648 καὶ

261 1681 424 1734 καινὰ
483 1680 656 1749 δεσμὰ
717 1687 888 1732 ταῦτα
944 1680 1302 1749 εὑρίσκουσιν
1355 1679 1444 1733 ἐπὶ
1500 1682 1828 1751 Σωκράτην,
1883 1685 1956 1752 μὴ

262 1779 448 1840 χεῖρας
495 1771 671 1837 μόνον
717 1766 807 1821 καὶ
853 1770 1027 1831 πόδας
1074 1768 1339 1821 δεδέσθαι
1391 1770 1497 1839 πρὸ
1552 1778 1651 1823 τοῦ
1705 1772 1957 1825 θανάτου

264 1858 597 1927 Σωκράτην,
649 1856 788 1910 ἀλλὰ
833 1855 925 1910 καὶ
972 1858 1075 1925 τὴν
1121 1862 1371 1925 γλῶτταν
1416 1858 1604 1911 αὐτοῦ.
1683 1859 1730 1911 8.
1771 1860 1812 1912 ὢ
1854 1868 1955 1913 τοῦ

198 1972 241 2004 20
266 1948 492 2015 φθόνου
532 1946 627 1998 καὶ·
662 1953 758 2013 τῆς
798 1947 1142 2013 σκαιότητος,
1182 1944 1224 1998 ὢ
1264 1953 1361 2014 τῆς
1407 1945 1742 2001 ἀπαιδεύτου
1789 1966 1957 2017 πονη-

266 2039 402 2102 ρίας.
479 2035 551 2104 μὴ
593 2036 800 2105 λαλήσῃ
842 2036 1159 2104 Σωκράτης,
1188 2032 1478 2103 Ἄπολλον,
1525 2033 1605 2088 ἔτι
1647 2039 1751 2100 ζῶν
1796 2038 1958 2106 <καὶ>

265 2127 407 2193 ἔχων
446 2124 665 2192 φωνήν;
706 2120 822 2175 ἀλλ’
864 2120 943 2175 ἐπ’
985 2121 1148 2192 ἀνδρὶ
1179 2124 1381 2192 γράφει
1412 2125 1670 2193 ψήφισμα
1701 2132 1958 2178 τοιοῦτον

388 2273 439 2312 11
473 2269 524 2311 Il.
557 2284 590 2312 π
624 2272 709 2311 853

387 2407 409 2444 1
457 2401 616 2445 λύκιον
661 2401 797 2444 ΜαΒ
845 2399 902 2443 cf.
936 2415 981 2455 p.
1016 2405 1094 2455 24,
1123 2405 1197 2453 11;
1246 2403 1278 2443 t.
1311 2399 1375 2443 IV
1410 2406 1518 2455 353,
1547 2406 1598 2444 11
1746 2405 1770 2443 3
1811 2402 1955 2446 αὑτοῦ

266 2461 431 2517 scripsi
493 2460 638 2504 αὐτοῦ
670 2459 781 2502 libri
812 2458 913 2502 Mor
955 2461 961 2514 Ι
1005 2458 1311 2515 φθέγξασθαι
1343 2461 1478 2504 ΜαΒ
1522 2461 1527 2518 Ι
1570 2462 1762 2516 λαλῆσαι
1793 2462 1839 2504 Β

266 2525 293 2563 4
325 2536 394 2570 τις
424 2519 598 2562 inserui
631 2532 656 2561 c
691 2520 779 2563 Ma
855 2532 930 2562 om
964 2519 1068 2562 ΜΒ
1099 2518 1201 2561 Mor
1335 2522 1360 2560 5
1395 2516 1596 2574 ἑταίροις
1621 2521 1709 2563 Μα
1741 2520 1823 2562 sed
1853 2516 1954 2562 ταί-

266 2595 366 2635 ροις
397 2578 446 2621 in
477 2592 552 2621 ras
585 2577 654 2620 m²
775 2580 801 2621 8
835 2575 954 2621 οὕτω
986 2577 1067 2620 καὶ
1097 2575 1262 2627 θείους
1285 2577 1344 2620 Μ
1374 2578 1456 2620 sed
1516 2578 1597 2621 καὶ
1628 2591 1728 2621 eras
1756 2580 1763 2634 Ι
1791 2577 1836 2621 οἱ
1865 2580 1953 2622 Μα

386 2642 411 2680 9
443 2636 615 2687 πάντες
649 2638 737 2680 Μα
786 2638 792 2691 Ι
843 2633 902 2679 ἂν
936 2649 1012 2680 om
1046 2637 1134 2679 Ma
1270 2639 1325 2679 10
1365 2635 1449 2693 μὲν
1481 2650 1557 2679 om
1589 2638 1678 2680 Ma
1815 2642 1867 2679 12
1901 2638 1952 2681 δὲ

270 2698 406 2743 ΜαΒ
528 2699 582 2738 13
616 2698 816 2749 φθονῶν
853 2694 1018 2751 scripsi
1049 2696 1103 2737 ut
1135 2694 1240 2738 coni
1271 2694 1373 2739 Mor
1434 2699 1636 2751 φθονεῖν
1667 2694 1776 2738 libri
1807 2696 1910 2740 Mor
1945 2697 1948 2753 ᾗ

267 2755 481 2812 Μέλητος
517 2753 704 2810 reposui
744 2767 769 2797 e
799 2753 932 2796 libris
1008 2751 1208 2804 Μέλιτος
1245 2753 1347 2797 Mor
1385 2755 1438 2797 ut
1478 2754 1745 2797 constanter
1782 2754 1832 2797 in
1867 2755 1956 2798 hac

268 2813 609 2860 declamatione
649 2812 724 2856 cui
762 2811 1006 2856 oblocutus
1040 2814 1110 2855 est
1140 2811 1474 2856 Boissonadius
1506 2813 1678 2856 Anecd.
1711 2813 1753 2856 V
1785 2817 1870 2857 324
1887 2828 1954 2869 sq.

361 2878 412 2917 17
432 2871 598 2928 δεσμὸς
616 2871 676 2913 Μ
700 2873 706 2926 Ι
735 2869 998 2926 εὑρίσκουσι
1013 2877 1160 2914 ταῦτα
1179 2872 1268 2915 Μα
1295 2873 1300 2927 Ι
1329 2870 1555 2926 σωκράτει
1581 2872 1718 2916 ΜαΒ
1802 2877 1855 2916 21
1875 2873 1956 2916 καὶ

268 2932 445 2978 inserui
505 2945 578 2974 om
595 2930 705 2973 libri
721 2929 822 2972 Mor
913 2934 968 2972 22
986 2936 1198 2973 τοιοῦτον
1214 2929 1592 2986 reposuielibris
1653 2937 1836 2975 τοιοῦτο
1854 2931 1956 2975 Mor
