<?xml version="1.0" encoding="UTF-8"?>
<!DOCTYPE html PUBLIC "-//W3C//DTD XHTML 1.0 Transitional//EN"
    "http://www.w3.org/TR/xhtml1/DTD/xhtml1-transitional.dtd">
<html xmlns="http://www.w3.org/1999/xhtml" xml:lang="en" lang="en">
 <head>
  <title>
</title>
<meta http-equiv="Content-Type" content="text/html;charset=utf-8" />
  <meta name='ocr-system' content='tesseract 3.04.00' />
  <meta name='ocr-capabilities' content='ocr_page ocr_carea ocr_par ocr_line ocrx_word'/>
</head>
<body>
  <div class='ocr_page' id='page_1' title='image "./operarecensuitri05libauoft/operarecensuitri05libauoft_0011.png"; bbox 0 0 2010 3180; ppageno 0'>
   <div class='ocr_carea' id='block_1_1' title="bbox 934 453 970 500">
    <p class='ocr_par' dir='ltr' id='par_1_1' title="bbox 934 453 970 500">
     <span class='ocr_line' id='line_1_1' title="bbox 934 453 970 500; baseline -0.028 0"><span class='ocrx_word' id='word_1_1' title='bbox 934 453 970 500; x_wconf 94' lang='lat' dir='ltr'>I.</span> 
     </span>
    </p>
   </div>
   <div class='ocr_carea' id='block_1_2' title="bbox 104 584 1802 2431">
    <p class='ocr_par' dir='ltr' id='par_1_2' title="bbox 104 584 1802 2431">
     <span class='ocr_line' id='line_1_2' title="bbox 223 584 1800 651; baseline 0.001 -17"><span class='ocrx_word' id='word_1_2' title='bbox 223 586 384 643; x_wconf 84' lang='lat' dir='ltr'>Quam</span> <span class='ocrx_word' id='word_1_3' title='bbox 428 603 605 650; x_wconf 84' lang='lat' dir='ltr'>agmen</span> <span class='ocrx_word' id='word_1_4' title='bbox 650 586 827 634; x_wconf 90' lang='lat' dir='ltr'>ducere</span> <span class='ocrx_word' id='word_1_5' title='bbox 869 587 1007 634; x_wconf 86' lang='lat' dir='ltr'>volui</span> <span class='ocrx_word' id='word_1_6' title='bbox 1048 584 1380 651; x_wconf 77' lang='grc' dir='ltr'><em>ἀπολογίαν</em></span> <span class='ocrx_word' id='word_1_7' title='bbox 1423 586 1800 650; x_wconf 79' lang='grc' dir='ltr'><em>Σωκράτους,</em></span> 
     </span>
     <span class='ocr_line' id='line_1_3' title="bbox 112 660 1800 724; baseline -0.001 -15"><span class='ocrx_word' id='word_1_8' title='bbox 112 663 336 724; x_wconf 86' lang='lat' dir='ltr'>quamvis</span> <span class='ocrx_word' id='word_1_9' title='bbox 361 662 414 708; x_wconf 92' lang='lat' dir='ltr'>in</span> <span class='ocrx_word' id='word_1_10' title='bbox 429 664 572 722; x_wconf 87' lang='lat' dir='ltr'>parte</span> <span class='ocrx_word' id='word_1_11' title='bbox 589 660 829 708; x_wconf 88' lang='lat' dir='ltr'>librorum</span> <span class='ocrx_word' id='word_1_12' title='bbox 844 662 977 708; x_wconf 90' lang='lat' dir='ltr'>inter</span> <span class='ocrx_word' id='word_1_13' title='bbox 1000 662 1247 709; x_wconf 87' lang='lat' dir='ltr'>orationes</span> <span class='ocrx_word' id='word_1_14' title='bbox 1267 661 1478 724; x_wconf 88' lang='lat' dir='ltr'>legatur,</span> <span class='ocrx_word' id='word_1_15' title='bbox 1502 677 1673 708; x_wconf 86' lang='lat' dir='ltr'>revera</span> <span class='ocrx_word' id='word_1_16' title='bbox 1698 677 1800 710; x_wconf 89' lang='lat' dir='ltr'>esse</span> 
     </span>
     <span class='ocr_line' id='line_1_4' title="bbox 111 727 1802 796; baseline -0.001 -12"><span class='ocrx_word' id='word_1_17' title='bbox 111 735 519 784; x_wconf 75' lang='lat' dir='ltr'>declamationem</span> <span class='ocrx_word' id='word_1_18' title='bbox 551 735 723 796; x_wconf 83' lang='lat' dir='ltr'>paucis</span> <span class='ocrx_word' id='word_1_19' title='bbox 747 735 1129 783; x_wconf 88' lang='lat' dir='ltr'>demonstratur.</span> <span class='ocrx_word' id='word_1_20' title='bbox 1183 727 1312 782; x_wconf 81' lang='lat' dir='ltr'>Nam</span> <span class='ocrx_word' id='word_1_21' title='bbox 1338 734 1575 783; x_wconf 88' lang='lat' dir='ltr'>Libanius</span> <span class='ocrx_word' id='word_1_22' title='bbox 1607 751 1719 796; x_wconf 87' lang='lat' dir='ltr'>non,</span> <span class='ocrx_word' id='word_1_23' title='bbox 1745 738 1802 783; x_wconf 92' lang='lat' dir='ltr'>ut</span> 
     </span>
     <span class='ocr_line' id='line_1_5' title="bbox 109 802 1799 875; baseline 0 -18"><span class='ocrx_word' id='word_1_24' title='bbox 109 811 164 857; x_wconf 93' lang='lat' dir='ltr'>in</span> <span class='ocrx_word' id='word_1_25' title='bbox 196 809 501 858; x_wconf 90' lang='lat' dir='ltr'>orationibus</span> <span class='ocrx_word' id='word_1_26' title='bbox 541 805 665 872; x_wconf 81' lang='grc' dir='ltr'><em>ὑπὲρ</em></span> <span class='ocrx_word' id='word_1_27' title='bbox 705 815 801 856; x_wconf 83' lang='grc' dir='ltr'>τῶν</span> <span class='ocrx_word' id='word_1_28' title='bbox 842 805 1090 874; x_wconf 80' lang='grc' dir='ltr'><strong><em>ὀρχηστῶν</em></strong></span> <span class='ocrx_word' id='word_1_29' title='bbox 1112 802 1181 875; x_wconf 85' lang='lat' dir='ltr'>(t.</span> <span class='ocrx_word' id='word_1_30' title='bbox 1213 809 1286 856; x_wconf 93' lang='lat' dir='ltr'>IV</span> <span class='ocrx_word' id='word_1_31' title='bbox 1316 826 1364 871; x_wconf 92' lang='lat' dir='ltr'>p.</span> <span class='ocrx_word' id='word_1_32' title='bbox 1399 811 1506 856; x_wconf 82' lang='lat'>420</span> <span class='ocrx_word' id='word_1_33' title='bbox 1524 803 1642 874; x_wconf 86' lang='lat' dir='ltr'>sq.)‚</span> <span class='ocrx_word' id='word_1_34' title='bbox 1689 807 1799 875; x_wconf 80' lang='grc' dir='ltr'><em>περὶ</em></span> 
     </span>
     <span class='ocr_line' id='line_1_6' title="bbox 110 876 1800 949; baseline 0 -17"><span class='ocrx_word' id='word_1_35' title='bbox 110 883 332 941; x_wconf 82' lang='grc' dir='ltr'><em>δουλείας</em></span> <span class='ocrx_word' id='word_1_36' title='bbox 365 877 424 943; x_wconf 90' lang='lat' dir='ltr'>(t.</span> <span class='ocrx_word' id='word_1_37' title='bbox 441 883 494 930; x_wconf 90' lang='lat' dir='ltr'>H</span> <span class='ocrx_word' id='word_1_38' title='bbox 516 900 563 944; x_wconf 92' lang='lat' dir='ltr'>p.</span> <span class='ocrx_word' id='word_1_39' title='bbox 584 877 812 948; x_wconf 78' lang='lat' dir='ltr'>53sssq.)‚</span> <span class='ocrx_word' id='word_1_40' title='bbox 835 881 945 947; x_wconf 84' lang='grc' dir='ltr'><em>περὶ</em></span> <span class='ocrx_word' id='word_1_41' title='bbox 969 880 1236 946; x_wconf 82' lang='grc' dir='ltr'><em>ἀπληστίας</em></span> <span class='ocrx_word' id='word_1_42' title='bbox 1263 876 1320 949; x_wconf 88' lang='lat' dir='ltr'>(t.</span> <span class='ocrx_word' id='word_1_43' title='bbox 1345 883 1370 930; x_wconf 95' lang='lat' dir='ltr'>I</span> <span class='ocrx_word' id='word_1_44' title='bbox 1394 900 1441 945; x_wconf 88' lang='lat' dir='ltr'>p.</span> <span class='ocrx_word' id='word_1_45' title='bbox 1469 884 1574 931; x_wconf 88' lang='grc'>354</span> <span class='ocrx_word' id='word_1_46' title='bbox 1588 877 1702 946; x_wconf 56' lang='grc' dir='ltr'>δᾳ),</span> <span class='ocrx_word' id='word_1_47' title='bbox 1728 881 1800 932; x_wconf 76' lang='grc' dir='ltr'>ὅτι</span> 
     </span>
     <span class='ocr_line' id='line_1_7' title="bbox 109 950 1798 1024; baseline 0 -18"><span class='ocrx_word' id='word_1_48' title='bbox 109 957 161 1007; x_wconf 88' lang='grc' dir='ltr'>τὸ</span> <span class='ocrx_word' id='word_1_49' title='bbox 186 959 414 1006; x_wconf 79' lang='grc' dir='ltr'><strong><em>πλουτεῖν</em></strong></span> <span class='ocrx_word' id='word_1_50' title='bbox 445 954 628 1015; x_wconf 77' lang='grc' dir='ltr'><em>ἀδίκως</em></span> <span class='ocrx_word' id='word_1_51' title='bbox 658 964 745 1005; x_wconf 85' lang='grc' dir='ltr'>τοῦ</span> <span class='ocrx_word' id='word_1_52' title='bbox 768 954 1006 1005; x_wconf 83' lang='grc' dir='ltr'><em>πένεσθαι</em></span> <span class='ocrx_word' id='word_1_53' title='bbox 1030 954 1331 1022; x_wconf 80' lang='grc' dir='ltr'><em>ἀθλιώτερον</em></span> <span class='ocrx_word' id='word_1_54' title='bbox 1356 950 1414 1023; x_wconf 88' lang='lat' dir='ltr'>(t.</span> <span class='ocrx_word' id='word_1_55' title='bbox 1439 957 1465 1004; x_wconf 95' lang='lat' dir='ltr'>I</span> <span class='ocrx_word' id='word_1_56' title='bbox 1488 974 1534 1019; x_wconf 91' lang='lat' dir='ltr'>p.</span> <span class='ocrx_word' id='word_1_57' title='bbox 1562 959 1666 1005; x_wconf 82' lang='lat'>373</span> <span class='ocrx_word' id='word_1_58' title='bbox 1687 951 1798 1024; x_wconf 71' lang='lat' dir='ltr'>sq),</span> 
     </span>
     <span class='ocr_line' id='line_1_8' title="bbox 108 1023 1800 1098; baseline -0.001 -19"><span class='ocrx_word' id='word_1_59' title='bbox 108 1029 217 1096; x_wconf 87' lang='grc' dir='ltr'><em>περὶ</em></span> <span class='ocrx_word' id='word_1_60' title='bbox 233 1031 403 1090; x_wconf 84' lang='grc' dir='ltr'><em>πενίας</em></span> <span class='ocrx_word' id='word_1_61' title='bbox 421 1023 480 1098; x_wconf 84' lang='lat' dir='ltr'>(t.</span> <span class='ocrx_word' id='word_1_62' title='bbox 498 1031 523 1078; x_wconf 95' lang='lat' dir='ltr'>I</span> <span class='ocrx_word' id='word_1_63' title='bbox 538 1048 585 1093; x_wconf 90' lang='lat' dir='ltr'>p.</span> <span class='ocrx_word' id='word_1_64' title='bbox 606 1032 710 1079; x_wconf 84' lang='lat'>385</span> <span class='ocrx_word' id='word_1_65' title='bbox 731 1025 842 1097; x_wconf 82' lang='lat' dir='ltr'>sq.),</span> <span class='ocrx_word' id='word_1_66' title='bbox 874 1031 980 1093; x_wconf 90' lang='lat' dir='ltr'>ipse</span> <span class='ocrx_word' id='word_1_67' title='bbox 1010 1032 1247 1094; x_wconf 85' lang='lat' dir='ltr'>loquitur,</span> <span class='ocrx_word' id='word_1_68' title='bbox 1272 1031 1357 1080; x_wconf 88' lang='lat' dir='ltr'>sed</span> <span class='ocrx_word' id='word_1_69' title='bbox 1388 1033 1603 1080; x_wconf 90' lang='lat' dir='ltr'>amicum</span> <span class='ocrx_word' id='word_1_70' title='bbox 1628 1031 1800 1079; x_wconf 85' lang='lat' dir='ltr'>Socra·</span> 
     </span>
     <span class='ocr_line' id='line_1_9' title="bbox 108 1104 1799 1168; baseline 0 -15"><span class='ocrx_word' id='word_1_71' title='bbox 108 1106 174 1153; x_wconf 92' lang='lat' dir='ltr'>tis</span> <span class='ocrx_word' id='word_1_72' title='bbox 190 1122 280 1168; x_wconf 92' lang='lat' dir='ltr'>pro</span> <span class='ocrx_word' id='word_1_73' title='bbox 296 1122 380 1154; x_wconf 91' lang='lat' dir='ltr'>reo</span> <span class='ocrx_word' id='word_1_74' title='bbox 396 1106 683 1167; x_wconf 89' lang='lat' dir='ltr'>loquentem</span> <span class='ocrx_word' id='word_1_75' title='bbox 701 1105 999 1154; x_wconf 87' lang='lat' dir='ltr'>accusationi</span> <span class='ocrx_word' id='word_1_76' title='bbox 1006 1122 1100 1167; x_wconf 89' lang='lat' dir='ltr'>que</span> <span class='ocrx_word' id='word_1_77' title='bbox 1115 1105 1275 1168; x_wconf 85' lang='lat' dir='ltr'>Anyti</span> <span class='ocrx_word' id='word_1_78' title='bbox 1288 1104 1582 1154; x_wconf 77' lang='lat' dir='ltr'>refutandae</span> <span class='ocrx_word' id='word_1_79' title='bbox 1599 1121 1799 1168; x_wconf 88' lang='lat' dir='ltr'>operam</span> 
     </span>
     <span class='ocr_line' id='line_1_10' title="bbox 109 1179 1798 1241; baseline 0 -14"><span class='ocrx_word' id='word_1_80' title='bbox 109 1180 310 1227; x_wconf 85' lang='lat' dir='ltr'>dantem</span> <span class='ocrx_word' id='word_1_81' title='bbox 333 1180 537 1227; x_wconf 90' lang='lat' dir='ltr'>inducit.</span> <span class='ocrx_word' id='word_1_82' title='bbox 578 1179 779 1226; x_wconf 84' lang='lat' dir='ltr'>Eminet</span> <span class='ocrx_word' id='word_1_83' title='bbox 802 1182 971 1227; x_wconf 87' lang='lat' dir='ltr'>autem</span> <span class='ocrx_word' id='word_1_84' title='bbox 1001 1196 1121 1241; x_wconf 87' lang='lat' dir='ltr'>prae</span> <span class='ocrx_word' id='word_1_85' title='bbox 1153 1181 1326 1228; x_wconf 89' lang='lat' dir='ltr'>ceteris</span> <span class='ocrx_word' id='word_1_86' title='bbox 1358 1179 1798 1228; x_wconf 77' lang='lat' dir='ltr'>declamationibus</span> 
     </span>
     <span class='ocr_line' id='line_1_11' title="bbox 109 1253 1799 1316; baseline 0.001 -15"><span class='ocrx_word' id='word_1_87' title='bbox 109 1257 159 1301; x_wconf 89' lang='lat' dir='ltr'>et</span> <span class='ocrx_word' id='word_1_88' title='bbox 174 1270 327 1316; x_wconf 87' lang='lat' dir='ltr'>prope</span> <span class='ocrx_word' id='word_1_89' title='bbox 344 1257 444 1302; x_wconf 87' lang='lat' dir='ltr'>stat</span> <span class='ocrx_word' id='word_1_90' title='bbox 458 1254 518 1302; x_wconf 91' lang='lat' dir='ltr'>ab</span> <span class='ocrx_word' id='word_1_91' title='bbox 538 1253 845 1302; x_wconf 89' lang='lat' dir='ltr'>orationibus</span> <span class='ocrx_word' id='word_1_92' title='bbox 860 1269 980 1315; x_wconf 90' lang='lat' dir='ltr'>quas</span> <span class='ocrx_word' id='word_1_93' title='bbox 994 1254 1140 1302; x_wconf 94' lang='lat' dir='ltr'>modo</span> <span class='ocrx_word' id='word_1_94' title='bbox 1158 1253 1443 1302; x_wconf 84' lang='lat' dir='ltr'>enumeravi</span> <span class='ocrx_word' id='word_1_95' title='bbox 1457 1254 1799 1316; x_wconf 87' lang='lat' dir='ltr'>imprimisque</span> 
     </span>
     <span class='ocr_line' id='line_1_12' title="bbox 110 1321 1796 1394; baseline -0.001 -18"><span class='ocrx_word' id='word_1_96' title='bbox 110 1328 171 1376; x_wconf 89' lang='lat' dir='ltr'>ab</span> <span class='ocrx_word' id='word_1_97' title='bbox 190 1343 246 1376; x_wconf 91' lang='lat' dir='ltr'>ea</span> <span class='ocrx_word' id='word_1_98' title='bbox 264 1343 412 1390; x_wconf 88' lang='lat' dir='ltr'>quam</span> <span class='ocrx_word' id='word_1_99' title='bbox 428 1329 589 1390; x_wconf 92' lang='lat' dir='ltr'>primo</span> <span class='ocrx_word' id='word_1_100' title='bbox 607 1328 714 1376; x_wconf 91' lang='lat' dir='ltr'>loco</span> <span class='ocrx_word' id='word_1_101' title='bbox 730 1328 1126 1375; x_wconf 84' lang='lat' dir='ltr'>nominavi—id</span> <span class='ocrx_word' id='word_1_102' title='bbox 1140 1328 1272 1390; x_wconf 90' lang='lat' dir='ltr'>quod</span> <span class='ocrx_word' id='word_1_103' title='bbox 1289 1329 1441 1376; x_wconf 77' lang='lat' dir='ltr'>etiam</span> <span class='ocrx_word' id='word_1_104' title='bbox 1457 1327 1517 1375; x_wconf 93' lang='lat' dir='ltr'>de</span> <span class='ocrx_word' id='word_1_105' title='bbox 1529 1321 1796 1394; x_wconf 76' lang='lat' dir='ltr'>tempore1)</span> 
     </span>
     <span class='ocr_line' id='line_1_13' title="bbox 108 1402 1799 1464; baseline 0 -15"><span class='ocrx_word' id='word_1_106' title='bbox 108 1402 296 1450; x_wconf 90' lang='lat' dir='ltr'>dictum</span> <span class='ocrx_word' id='word_1_107' title='bbox 321 1417 424 1450; x_wconf 88' lang='lat' dir='ltr'>esse</span> <span class='ocrx_word' id='word_1_108' title='bbox 449 1403 562 1450; x_wconf 86' lang='lat' dir='ltr'>volo</span> <span class='ocrx_word' id='word_1_109' title='bbox 589 1429 657 1435; x_wconf 93' lang='lat'><strong>—</strong></span> <span class='ocrx_word' id='word_1_110' title='bbox 683 1417 791 1450; x_wconf 92' lang='lat' dir='ltr'>cum</span> <span class='ocrx_word' id='word_1_111' title='bbox 819 1402 962 1464; x_wconf 91' lang='lat' dir='ltr'>copia</span> <span class='ocrx_word' id='word_1_112' title='bbox 984 1418 1150 1449; x_wconf 90' lang='lat' dir='ltr'>rerum</span> <span class='ocrx_word' id='word_1_113' title='bbox 1172 1403 1225 1449; x_wconf 89' lang='lat' dir='ltr'>in</span> <span class='ocrx_word' id='word_1_114' title='bbox 1249 1402 1468 1450; x_wconf 91' lang='lat' dir='ltr'>medium</span> <span class='ocrx_word' id='word_1_115' title='bbox 1490 1402 1799 1464; x_wconf 89' lang='lat' dir='ltr'>prolatarum</span> 
     </span>
     <span class='ocr_line' id='line_1_14' title="bbox 106 1476 1798 1540; baseline 0.001 -17"><span class='ocrx_word' id='word_1_116' title='bbox 106 1479 215 1524; x_wconf 89' lang='lat' dir='ltr'>tum</span> <span class='ocrx_word' id='word_1_117' title='bbox 240 1477 485 1540; x_wconf 86' lang='lat' dir='ltr'>singulari</span> <span class='ocrx_word' id='word_1_118' title='bbox 508 1476 670 1524; x_wconf 88' lang='lat' dir='ltr'>studio</span> <span class='ocrx_word' id='word_1_119' title='bbox 697 1477 979 1539; x_wconf 85' lang='lat' dir='ltr'>argumenti</span> <span class='ocrx_word' id='word_1_120' title='bbox 1003 1476 1182 1524; x_wconf 90' lang='lat' dir='ltr'>summi</span> <span class='ocrx_word' id='word_1_121' title='bbox 1198 1476 1569 1524; x_wconf 85' lang='lat' dir='ltr'>demonstrandi</span> <span class='ocrx_word' id='word_1_122' title='bbox 1586 1491 1798 1538; x_wconf 89' lang='lat' dir='ltr'>curaque</span> 
     </span>
     <span class='ocr_line' id='line_1_15' title="bbox 109 1550 1797 1612; baseline 0.001 -14"><span class='ocrx_word' id='word_1_123' title='bbox 109 1550 323 1612; x_wconf 88' lang='lat' dir='ltr'>quadam</span> <span class='ocrx_word' id='word_1_124' title='bbox 349 1550 566 1598; x_wconf 86' lang='lat' dir='ltr'>accusati</span> <span class='ocrx_word' id='word_1_125' title='bbox 590 1550 896 1599; x_wconf 89' lang='lat' dir='ltr'>defendendi.</span> <span class='ocrx_word' id='word_1_126' title='bbox 933 1550 1109 1598; x_wconf 83' lang='lat' dir='ltr'>Prodit</span> <span class='ocrx_word' id='word_1_127' title='bbox 1133 1551 1264 1597; x_wconf 89' lang='lat' dir='ltr'>enim</span> <span class='ocrx_word' id='word_1_128' title='bbox 1290 1552 1509 1597; x_wconf 92' lang='lat' dir='ltr'>animum</span> <span class='ocrx_word' id='word_1_129' title='bbox 1533 1550 1638 1598; x_wconf 86' lang='lat' dir='ltr'>fato</span> <span class='ocrx_word' id='word_1_130' title='bbox 1661 1551 1797 1599; x_wconf 91' lang='lat' dir='ltr'>illius</span> 
     </span>
     <span class='ocr_line' id='line_1_16' title="bbox 107 1624 1798 1688; baseline 0 -16"><span class='ocrx_word' id='word_1_131' title='bbox 107 1640 348 1687; x_wconf 88' lang='lat' dir='ltr'>perquam</span> <span class='ocrx_word' id='word_1_132' title='bbox 379 1627 592 1672; x_wconf 89' lang='lat' dir='ltr'>motum:</span> <span class='ocrx_word' id='word_1_133' title='bbox 624 1624 777 1672; x_wconf 89' lang='lat' dir='ltr'>sensit</span> <span class='ocrx_word' id='word_1_134' title='bbox 809 1625 967 1686; x_wconf 81' lang='lat' dir='ltr'>quasi,</span> <span class='ocrx_word' id='word_1_135' title='bbox 1000 1626 1056 1671; x_wconf 93' lang='lat' dir='ltr'>ut</span> <span class='ocrx_word' id='word_1_136' title='bbox 1087 1626 1174 1686; x_wconf 93' lang='lat' dir='ltr'>qui</span> <span class='ocrx_word' id='word_1_137' title='bbox 1198 1627 1248 1672; x_wconf 91' lang='lat' dir='ltr'>et</span> <span class='ocrx_word' id='word_1_138' title='bbox 1278 1624 1384 1686; x_wconf 91' lang='lat' dir='ltr'>ipse</span> <span class='ocrx_word' id='word_1_139' title='bbox 1410 1627 1538 1673; x_wconf 88' lang='lat' dir='ltr'>esset</span> <span class='ocrx_word' id='word_1_140' title='bbox 1561 1625 1798 1688; x_wconf 85' lang='lat' dir='ltr'>magister</span> 
     </span>
     <span class='ocr_line' id='line_1_17' title="bbox 107 1692 1797 1764; baseline 0.001 -20"><span class='ocrx_word' id='word_1_141' title='bbox 107 1699 355 1759; x_wconf 86' lang='lat' dir='ltr'>iuvenum,</span> <span class='ocrx_word' id='word_1_142' title='bbox 373 1715 483 1747; x_wconf 91' lang='lat' dir='ltr'>cum</span> <span class='ocrx_word' id='word_1_143' title='bbox 508 1698 595 1746; x_wconf 90' lang='lat' dir='ltr'>illo</span> <span class='ocrx_word' id='word_1_144' title='bbox 620 1698 814 1747; x_wconf 88' lang='lat' dir='ltr'>vindice</span> <span class='ocrx_word' id='word_1_145' title='bbox 837 1698 1165 1746; x_wconf 89' lang='lat' dir='ltr'>humanitatis</span> <span class='ocrx_word' id='word_1_146' title='bbox 1187 1700 1422 1760; x_wconf 90' lang='lat' dir='ltr'>antiquae</span> <span class='ocrx_word' id='word_1_147' title='bbox 1433 1692 1475 1764; x_wconf 78' lang='grc'>2)</span> <span class='ocrx_word' id='word_1_148' title='bbox 1502 1700 1638 1746; x_wconf 91' lang='lat' dir='ltr'>cuius</span> <span class='ocrx_word' id='word_1_149' title='bbox 1663 1715 1797 1747; x_wconf 89' lang='lat' dir='ltr'>mne-</span> 
     </span>
     <span class='ocr_line' id='line_1_18' title="bbox 106 1772 1797 1835; baseline 0 -15"><span class='ocrx_word' id='word_1_150' title='bbox 106 1788 314 1834; x_wconf 84' lang='lat' dir='ltr'>mosyna</span> <span class='ocrx_word' id='word_1_151' title='bbox 330 1772 538 1820; x_wconf 87' lang='lat' dir='ltr'>Athenis</span> <span class='ocrx_word' id='word_1_152' title='bbox 556 1774 713 1820; x_wconf 85' lang='lat' dir='ltr'>visere</span> <span class='ocrx_word' id='word_1_153' title='bbox 731 1773 776 1820; x_wconf 90' lang='lat' dir='ltr'>ei</span> <span class='ocrx_word' id='word_1_154' title='bbox 791 1772 1014 1820; x_wconf 87' lang='lat' dir='ltr'>licuerat.</span> <span class='ocrx_word' id='word_1_155' title='bbox 1047 1772 1189 1820; x_wconf 88' lang='lat' dir='ltr'>Unde</span> <span class='ocrx_word' id='word_1_156' title='bbox 1206 1773 1355 1820; x_wconf 89' lang='lat' dir='ltr'>simul</span> <span class='ocrx_word' id='word_1_157' title='bbox 1373 1772 1647 1835; x_wconf 84' lang='lat' dir='ltr'>explicatur</span> <span class='ocrx_word' id='word_1_158' title='bbox 1665 1772 1797 1835; x_wconf 92' lang='lat' dir='ltr'>quod</span> 
     </span>
     <span class='ocr_line' id='line_1_19' title="bbox 108 1843 1796 1910; baseline 0.002 -17"><span class='ocrx_word' id='word_1_159' title='bbox 108 1847 437 1909; x_wconf 86' lang='lat' dir='ltr'>corruptelam</span> <span class='ocrx_word' id='word_1_160' title='bbox 454 1846 688 1894; x_wconf 88' lang='lat' dir='ltr'>iuvenum</span> <span class='ocrx_word' id='word_1_161' title='bbox 705 1862 824 1908; x_wconf 89' lang='lat' dir='ltr'>prae</span> <span class='ocrx_word' id='word_1_162' title='bbox 841 1843 1065 1910; x_wconf 86' lang='grc' dir='ltr'><em>ἀσεβείας</em></span> <span class='ocrx_word' id='word_1_163' title='bbox 1082 1848 1284 1894; x_wconf 89' lang='lat' dir='ltr'>crimine</span> <span class='ocrx_word' id='word_1_164' title='bbox 1300 1847 1550 1895; x_wconf 85' lang='lat' dir='ltr'>tractavit.</span> <span class='ocrx_word' id='word_1_165' title='bbox 1582 1846 1796 1896; x_wconf 82' lang='lat' dir='ltr'>Maxime</span> 
     </span>
     <span class='ocr_line' id='line_1_20' title="bbox 106 1919 1795 1985; baseline 0.001 -17"><span class='ocrx_word' id='word_1_166' title='bbox 106 1936 344 1983; x_wconf 86' lang='lat' dir='ltr'>personae</span> <span class='ocrx_word' id='word_1_167' title='bbox 367 1919 583 1968; x_wconf 87' lang='lat' dir='ltr'>Socratis</span> <span class='ocrx_word' id='word_1_168' title='bbox 609 1923 659 1968; x_wconf 89' lang='lat' dir='ltr'>et</span> <span class='ocrx_word' id='word_1_169' title='bbox 682 1920 959 1968; x_wconf 85' lang='lat' dir='ltr'>condicioni</span> <span class='ocrx_word' id='word_1_170' title='bbox 981 1937 1146 1968; x_wconf 91' lang='lat' dir='ltr'>rerum</span> <span class='ocrx_word' id='word_1_171' title='bbox 1169 1921 1306 1969; x_wconf 90' lang='lat' dir='ltr'>illius</span> <span class='ocrx_word' id='word_1_172' title='bbox 1329 1922 1568 1983; x_wconf 89' lang='lat' dir='ltr'>temporis</span> <span class='ocrx_word' id='word_1_173' title='bbox 1594 1936 1795 1985; x_wconf 87' lang='lat' dir='ltr'>cognos-</span> 
     </span>
     <span class='ocr_line' id='line_1_21' title="bbox 108 1990 1795 2060; baseline 0.001 -18"><span class='ocrx_word' id='word_1_174' title='bbox 108 1995 288 2042; x_wconf 86' lang='lat' dir='ltr'>cendae</span> <span class='ocrx_word' id='word_1_175' title='bbox 321 2010 521 2056; x_wconf 89' lang='lat' dir='ltr'>operam</span> <span class='ocrx_word' id='word_1_176' title='bbox 554 1994 704 2042; x_wconf 88' lang='lat' dir='ltr'>dedit.</span> <span class='ocrx_word' id='word_1_177' title='bbox 742 1993 838 2042; x_wconf 88' lang='lat' dir='ltr'>Sed</span> <span class='ocrx_word' id='word_1_178' title='bbox 868 1997 925 2042; x_wconf 89' lang='lat' dir='ltr'>ut</span> <span class='ocrx_word' id='word_1_179' title='bbox 955 1995 1006 2041; x_wconf 91' lang='lat' dir='ltr'>in</span> <span class='ocrx_word' id='word_1_180' title='bbox 1032 1990 1254 2043; x_wconf 84' lang='lat' dir='ltr'>oraticne</span> <span class='ocrx_word' id='word_1_181' title='bbox 1278 1991 1400 2056; x_wconf 83' lang='grc' dir='ltr'><em>ὑπὲρ</em></span> <span class='ocrx_word' id='word_1_182' title='bbox 1426 2001 1523 2043; x_wconf 84' lang='grc' dir='ltr'>τῶν</span> <span class='ocrx_word' id='word_1_183' title='bbox 1548 1991 1795 2060; x_wconf 81' lang='grc' dir='ltr'><em>ὀρχηστῶν</em></span> 
     </span>
     <span class='ocr_line' id='line_1_22' title="bbox 107 2068 1796 2130; baseline 0.001 -15"><span class='ocrx_word' id='word_1_184' title='bbox 107 2068 296 2115; x_wconf 87' lang='lat' dir='ltr'>nullam</span> <span class='ocrx_word' id='word_1_185' title='bbox 328 2069 479 2116; x_wconf 87' lang='lat' dir='ltr'>aliam</span> <span class='ocrx_word' id='word_1_186' title='bbox 510 2069 608 2116; x_wconf 89' lang='lat' dir='ltr'>nisi</span> <span class='ocrx_word' id='word_1_187' title='bbox 638 2084 765 2130; x_wconf 90' lang='lat' dir='ltr'>quae</span> <span class='ocrx_word' id='word_1_188' title='bbox 799 2068 859 2115; x_wconf 92' lang='lat' dir='ltr'>ab</span> <span class='ocrx_word' id='word_1_189' title='bbox 892 2068 1109 2117; x_wconf 88' lang='lat' dir='ltr'>Aristide</span> <span class='ocrx_word' id='word_1_190' title='bbox 1144 2071 1316 2117; x_wconf 88' lang='lat' dir='ltr'>contra</span> <span class='ocrx_word' id='word_1_191' title='bbox 1346 2069 1435 2116; x_wconf 88' lang='lat' dir='ltr'>hos</span> <span class='ocrx_word' id='word_1_192' title='bbox 1472 2069 1656 2130; x_wconf 87' lang='lat' dir='ltr'>scripta</span> <span class='ocrx_word' id='word_1_193' title='bbox 1689 2072 1796 2117; x_wconf 89' lang='lat' dir='ltr'>erat</span> 
     </span>
     <span class='ocr_line' id='line_1_23' title="bbox 105 2136 1796 2209; baseline 0.001 -20"><span class='ocrx_word' id='word_1_194' title='bbox 105 2136 491 2209; x_wconf 74' lang='lat' dir='ltr'>impugnavit-⁹²),</span> <span class='ocrx_word' id='word_1_195' title='bbox 537 2142 609 2190; x_wconf 87' lang='lat' dir='ltr'>ita</span> <span class='ocrx_word' id='word_1_196' title='bbox 646 2143 700 2190; x_wconf 91' lang='lat' dir='ltr'>in</span> <span class='ocrx_word' id='word_1_197' title='bbox 730 2143 823 2190; x_wconf 91' lang='lat' dir='ltr'>hac</span> <span class='ocrx_word' id='word_1_198' title='bbox 855 2142 1213 2191; x_wconf 88' lang='lat' dir='ltr'>declamatione</span> <span class='ocrx_word' id='word_1_199' title='bbox 1246 2158 1296 2191; x_wconf 91' lang='lat' dir='ltr'>se</span> <span class='ocrx_word' id='word_1_200' title='bbox 1329 2143 1606 2191; x_wconf 88' lang='lat' dir='ltr'>orationem</span> <span class='ocrx_word' id='word_1_201' title='bbox 1637 2143 1796 2206; x_wconf 80' lang='lat' dir='ltr'>Anyti</span> 
     </span>
     <span class='ocr_line' id='line_1_24' title="bbox 107 2216 1795 2279; baseline 0.001 -15"><span class='ocrx_word' id='word_1_202' title='bbox 107 2216 202 2264; x_wconf 89' lang='lat' dir='ltr'>sibi</span> <span class='ocrx_word' id='word_1_203' title='bbox 248 2217 563 2264; x_wconf 85' lang='lat' dir='ltr'>refutandam</span> <span class='ocrx_word' id='word_1_204' title='bbox 613 2218 877 2279; x_wconf 90' lang='lat' dir='ltr'>sumpsisse</span> <span class='ocrx_word' id='word_1_205' title='bbox 931 2217 1111 2264; x_wconf 86' lang='lat' dir='ltr'>diserte</span> <span class='ocrx_word' id='word_1_206' title='bbox 1165 2217 1286 2264; x_wconf 89' lang='lat' dir='ltr'>dicit</span> <span class='ocrx_word' id='word_1_207' title='bbox 1330 2234 1376 2279; x_wconf 92' lang='lat' dir='ltr'>p.</span> <span class='ocrx_word' id='word_1_208' title='bbox 1415 2218 1504 2277; x_wconf 88' lang='lat'>16,</span> <span class='ocrx_word' id='word_1_209' title='bbox 1525 2218 1554 2264; x_wconf 85' lang='lat'>6</span> <span class='ocrx_word' id='word_1_210' title='bbox 1605 2219 1655 2265; x_wconf 93' lang='lat' dir='ltr'>et</span> <span class='ocrx_word' id='word_1_211' title='bbox 1706 2219 1795 2279; x_wconf 82' lang='lat'>173</span> 
     </span>
     <span class='ocr_line' id='line_1_25' title="bbox 109 2290 1794 2352; baseline 0.001 -15"><span class='ocrx_word' id='word_1_212' title='bbox 109 2290 193 2349; x_wconf 80' lang='lat'>20,</span> <span class='ocrx_word' id='word_1_213' title='bbox 214 2292 278 2337; x_wconf 87' lang='lat'>11</span> <span class='ocrx_word' id='word_1_214' title='bbox 307 2305 378 2352; x_wconf 88' lang='lat' dir='ltr'>sq.</span> <span class='ocrx_word' id='word_1_215' title='bbox 450 2290 738 2339; x_wconf 86' lang='lat' dir='ltr'>Orationem</span> <span class='ocrx_word' id='word_1_216' title='bbox 768 2306 884 2338; x_wconf 87' lang='lat' dir='ltr'>vero</span> <span class='ocrx_word' id='word_1_217' title='bbox 915 2290 1151 2352; x_wconf 88' lang='lat' dir='ltr'>scriptam</span> <span class='ocrx_word' id='word_1_218' title='bbox 1198 2307 1310 2338; x_wconf 90' lang='lat' dir='ltr'>eum</span> <span class='ocrx_word' id='word_1_219' title='bbox 1349 2293 1463 2338; x_wconf 89' lang='lat' dir='ltr'>ante</span> <span class='ocrx_word' id='word_1_220' title='bbox 1502 2291 1668 2339; x_wconf 92' lang='lat' dir='ltr'>oculos</span> <span class='ocrx_word' id='word_1_221' title='bbox 1708 2292 1794 2339; x_wconf 90' lang='lat' dir='ltr'>ha-</span> 
     </span>
     <span class='ocr_line' id='line_1_26' title="bbox 104 2358 1795 2431; baseline 0.001 -21"><span class='ocrx_word' id='word_1_222' title='bbox 104 2363 267 2412; x_wconf 88' lang='lat' dir='ltr'>buisse</span> <span class='ocrx_word' id='word_1_223' title='bbox 307 2364 480 2412; x_wconf 90' lang='lat' dir='ltr'>multis</span> <span class='ocrx_word' id='word_1_224' title='bbox 519 2358 696 2431; x_wconf 75' lang='lat' dir='ltr'>locis4)</span> <span class='ocrx_word' id='word_1_225' title='bbox 735 2366 896 2426; x_wconf 83' lang='lat' dir='ltr'>patet,</span> <span class='ocrx_word' id='word_1_226' title='bbox 937 2380 1085 2426; x_wconf 87' lang='lat' dir='ltr'>quam</span> <span class='ocrx_word' id='word_1_227' title='bbox 1123 2364 1269 2413; x_wconf 91' lang='lat' dir='ltr'>modo</span> <span class='ocrx_word' id='word_1_228' title='bbox 1318 2365 1513 2427; x_wconf 88' lang='lat' dir='ltr'>copiose</span> <span class='ocrx_word' id='word_1_229' title='bbox 1555 2365 1795 2413; x_wconf 83' lang='lat' dir='ltr'>refutavit</span> 
     </span>
    </p>
   </div>
   <div class='ocr_carea' id='block_1_3' title="bbox 105 2462 460 2472">
    <p class='ocr_par' dir='ltr' id='par_1_3' title="bbox 105 2462 460 2472">
     <span class='ocr_line' id='line_1_27' title="bbox 105 2462 460 2472; baseline 0 0"><span class='ocrx_word' id='word_1_230' title='bbox 105 2462 460 2472; x_wconf 95' lang='lat' dir='ltr'> </span> 
     </span>
    </p>
   </div>
   <div class='ocr_carea' id='block_1_4' title="bbox 102 2519 1792 2988">
    <p class='ocr_par' dir='ltr' id='par_1_4' title="bbox 104 2519 1792 2635">
     <span class='ocr_line' id='line_1_28' title="bbox 226 2519 1792 2576; baseline 0.001 -15"><span class='ocrx_word' id='word_1_231' title='bbox 226 2520 268 2575; x_wconf 91' lang='lat'>1)</span> <span class='ocrx_word' id='word_1_232' title='bbox 300 2519 436 2563; x_wconf 84' lang='lat' dir='ltr'>Anno</span> <span class='ocrx_word' id='word_1_233' title='bbox 468 2523 553 2563; x_wconf 85' lang='lat'>362</span> <span class='ocrx_word' id='word_1_234' title='bbox 592 2519 799 2563; x_wconf 90' lang='lat' dir='ltr'>nondum</span> <span class='ocrx_word' id='word_1_235' title='bbox 838 2519 1012 2576; x_wconf 84' lang='lat' dir='ltr'>scripta</span> <span class='ocrx_word' id='word_1_236' title='bbox 1050 2522 1171 2574; x_wconf 85' lang='lat' dir='ltr'>erat,</span> <span class='ocrx_word' id='word_1_237' title='bbox 1220 2520 1300 2563; x_wconf 87' lang='lat' dir='ltr'>sed</span> <span class='ocrx_word' id='word_1_238' title='bbox 1348 2519 1406 2564; x_wconf 88' lang='lat' dir='ltr'>de</span> <span class='ocrx_word' id='word_1_239' title='bbox 1450 2533 1506 2563; x_wconf 87' lang='lat' dir='ltr'>ea</span> <span class='ocrx_word' id='word_1_240' title='bbox 1544 2519 1792 2564; x_wconf 89' lang='lat' dir='ltr'>Libanium</span> 
     </span>
     <span class='ocr_line' id='line_1_29' title="bbox 104 2577 1287 2635; baseline 0.001 -14"><span class='ocrx_word' id='word_1_241' title='bbox 104 2577 338 2634; x_wconf 84' lang='lat' dir='ltr'>cogitasse</span> <span class='ocrx_word' id='word_1_242' title='bbox 369 2579 440 2622; x_wconf 88' lang='lat' dir='ltr'>est</span> <span class='ocrx_word' id='word_1_243' title='bbox 472 2593 552 2622; x_wconf 86' lang='lat' dir='ltr'>cur</span> <span class='ocrx_word' id='word_1_244' title='bbox 583 2591 638 2622; x_wconf 83' lang='lat' dir='ltr'>ex</span> <span class='ocrx_word' id='word_1_245' title='bbox 668 2578 872 2635; x_wconf 81' lang='lat' dir='ltr'>epistula</span> <span class='ocrx_word' id='word_1_246' title='bbox 905 2583 988 2623; x_wconf 85' lang='lat'>306</span> <span class='ocrx_word' id='word_1_247' title='bbox 1022 2579 1287 2623; x_wconf 87' lang='lat' dir='ltr'>concludas.</span> 
     </span>
    </p>

    <p class='ocr_par' dir='ltr' id='par_1_5' title="bbox 104 2636 1791 2797">
     <span class='ocr_line' id='line_1_30' title="bbox 224 2636 1465 2694; baseline 0.001 -15"><span class='ocrx_word' id='word_1_248' title='bbox 224 2638 266 2692; x_wconf 80' lang='lat'>2)</span> <span class='ocrx_word' id='word_1_249' title='bbox 299 2636 454 2680; x_wconf 84' lang='lat' dir='ltr'>Etiam</span> <span class='ocrx_word' id='word_1_250' title='bbox 486 2637 742 2681; x_wconf 84' lang='lat' dir='ltr'>Maximum</span> <span class='ocrx_word' id='word_1_251' title='bbox 773 2653 878 2681; x_wconf 89' lang='lat' dir='ltr'>cum</span> <span class='ocrx_word' id='word_1_252' title='bbox 910 2651 964 2682; x_wconf 87' lang='lat' dir='ltr'>eo</span> <span class='ocrx_word' id='word_1_253' title='bbox 996 2638 1234 2694; x_wconf 88' lang='lat' dir='ltr'>componit</span> <span class='ocrx_word' id='word_1_254' title='bbox 1265 2651 1335 2694; x_wconf 88' lang='lat' dir='ltr'>ep.</span> <span class='ocrx_word' id='word_1_255' title='bbox 1366 2642 1465 2681; x_wconf 88' lang='grc'><strong>606.</strong></span> 
     </span>
     <span class='ocr_line' id='line_1_31' title="bbox 104 2695 1791 2797; baseline 0.001 -59"><span class='ocrx_word' id='word_1_256' title='bbox 104 2753 135 2796; x_wconf 79' lang='lat' dir='ltr'><strong>h</strong></span> <span class='ocrx_word' id='word_1_257' title='bbox 168 2753 197 2797; x_wconf 77' lang='lat' dir='ltr'>b</span> <span class='ocrx_word' id='word_1_258' title='bbox 224 2697 267 2796; x_wconf 61' lang='grc' dir='ltr'>ῗ)</span> <span class='ocrx_word' id='word_1_259' title='bbox 301 2695 527 2740; x_wconf 87' lang='lat' dir='ltr'>Similiter</span> <span class='ocrx_word' id='word_1_260' title='bbox 556 2710 629 2741; x_wconf 86' lang='lat' dir='ltr'>res</span> <span class='ocrx_word' id='word_1_261' title='bbox 661 2697 711 2740; x_wconf 90' lang='lat' dir='ltr'>in</span> <span class='ocrx_word' id='word_1_262' title='bbox 742 2695 966 2755; x_wconf 70' lang='grc' dir='ltr'><em>Ἀχιλλέως</em></span> <span class='ocrx_word' id='word_1_263' title='bbox 996 2695 1234 2757; x_wconf 76' lang='grc' dir='ltr'><em>ἀντιλογίᾳ</em></span> <span class='ocrx_word' id='word_1_264' title='bbox 1259 2699 1308 2753; x_wconf 89' lang='lat' dir='ltr'>(t.</span> <span class='ocrx_word' id='word_1_265' title='bbox 1335 2696 1399 2740; x_wconf 92' lang='lat' dir='ltr'>IV</span> <span class='ocrx_word' id='word_1_266' title='bbox 1423 2712 1466 2753; x_wconf 89' lang='lat' dir='ltr'>p.</span> <span class='ocrx_word' id='word_1_267' title='bbox 1493 2701 1548 2739; x_wconf 84' lang='lat'>47</span> <span class='ocrx_word' id='word_1_268' title='bbox 1568 2711 1634 2752; x_wconf 85' lang='lat' dir='ltr'>sq.</span> <span class='ocrx_word' id='word_1_269' title='bbox 1653 2697 1711 2753; x_wconf 84' lang='lat' dir='ltr'>R)</span> <span class='ocrx_word' id='word_1_270' title='bbox 1744 2711 1791 2740; x_wconf 84' lang='lat' dir='ltr'>se</span> 
     </span>
    </p>

    <p class='ocr_par' dir='ltr' id='par_1_6' title="bbox 138 2767 260 2797">
     <span class='ocr_line' id='line_1_32' title="bbox 138 2767 260 2797; baseline 0 0"><span class='ocrx_word' id='word_1_271' title='bbox 138 2767 166 2797; x_wconf 87' lang='lat' dir='ltr'>a</span> <span class='ocrx_word' id='word_1_272' title='bbox 201 2767 224 2797; x_wconf 90' lang='lat' dir='ltr'>e</span> <span class='ocrx_word' id='word_1_273' title='bbox 252 2788 260 2797; x_wconf 92' lang='lat'>.</span> 
     </span>
    </p>

    <p class='ocr_par' dir='ltr' id='par_1_7' title="bbox 102 2812 1791 2988">
     <span class='ocr_line' id='line_1_33' title="bbox 222 2812 1791 2872; baseline 0.001 -17"><span class='ocrx_word' id='word_1_274' title='bbox 222 2817 266 2867; x_wconf 86' lang='lat'>4)</span> <span class='ocrx_word' id='word_1_275' title='bbox 298 2812 394 2856; x_wconf 87' lang='lat' dir='ltr'>Hos</span> <span class='ocrx_word' id='word_1_276' title='bbox 425 2813 566 2869; x_wconf 83' lang='lat' dir='ltr'>plane</span> <span class='ocrx_word' id='word_1_277' title='bbox 604 2814 812 2871; x_wconf 81' lang='lat' dir='ltr'>neglexit</span> <span class='ocrx_word' id='word_1_278' title='bbox 842 2814 1066 2872; x_wconf 85' lang='lat' dir='ltr'>Roggius‚</span> <span class='ocrx_word' id='word_1_279' title='bbox 1099 2814 1284 2859; x_wconf 84' lang='lat' dir='ltr'>Libanii</span> <span class='ocrx_word' id='word_1_280' title='bbox 1323 2814 1542 2871; x_wconf 83' lang='lat' dir='ltr'>apologia</span> <span class='ocrx_word' id='word_1_281' title='bbox 1575 2813 1791 2869; x_wconf 85' lang='lat' dir='ltr'>Socratis,</span> 
     </span>
     <span class='ocr_line' id='line_1_34' title="bbox 104 2871 1791 2931; baseline 0.002 -18"><span class='ocrx_word' id='word_1_282' title='bbox 104 2871 444 2916; x_wconf 89' lang='lat' dir='ltr'>Amstelodami</span> <span class='ocrx_word' id='word_1_283' title='bbox 484 2877 597 2916; x_wconf 87' lang='grc'><strong>1891</strong></span> <span class='ocrx_word' id='word_1_284' title='bbox 638 2889 682 2930; x_wconf 91' lang='lat' dir='ltr'>p.</span> <span class='ocrx_word' id='word_1_285' title='bbox 717 2878 740 2917; x_wconf 81' lang='lat'><strong>7</strong></span> <span class='ocrx_word' id='word_1_286' title='bbox 760 2888 825 2929; x_wconf 88' lang='lat' dir='ltr'>sq.</span> <span class='ocrx_word' id='word_1_287' title='bbox 866 2873 1115 2917; x_wconf 88' lang='lat' dir='ltr'>Libanium</span> <span class='ocrx_word' id='word_1_288' title='bbox 1162 2872 1349 2930; x_wconf 83' lang='lat' dir='ltr'>singula</span> <span class='ocrx_word' id='word_1_289' title='bbox 1394 2886 1606 2929; x_wconf 87' lang='lat' dir='ltr'>quaeque</span> <span class='ocrx_word' id='word_1_290' title='bbox 1654 2887 1791 2931; x_wconf 87' lang='lat' dir='ltr'>argu-</span> 
     </span>
     <span class='ocr_line' id='line_1_35' title="bbox 102 2930 1695 2988; baseline 0.001 -16"><span class='ocrx_word' id='word_1_291' title='bbox 102 2931 262 2973; x_wconf 83' lang='lat' dir='ltr'>menta</span> <span class='ocrx_word' id='word_1_292' title='bbox 294 2943 322 2974; x_wconf 90' lang='lat' dir='ltr'>a</span> <span class='ocrx_word' id='word_1_293' title='bbox 353 2930 549 2975; x_wconf 86' lang='lat' dir='ltr'>Platone</span> <span class='ocrx_word' id='word_1_294' title='bbox 581 2934 628 2976; x_wconf 82' lang='lat' dir='ltr'>et</span> <span class='ocrx_word' id='word_1_295' title='bbox 658 2932 966 2988; x_wconf 86' lang='lat' dir='ltr'>Xenophonte</span> <span class='ocrx_word' id='word_1_296' title='bbox 997 2935 1263 2976; x_wconf 84' lang='lat' dir='ltr'>mutuatum</span> <span class='ocrx_word' id='word_1_297' title='bbox 1295 2946 1395 2976; x_wconf 81' lang='lat' dir='ltr'>esee</span> <span class='ocrx_word' id='word_1_298' title='bbox 1429 2932 1695 2975; x_wconf 85' lang='lat' dir='ltr'>arbitratus.</span> 
     </span>
    </p>
   </div>
   <div class='ocr_carea' id='block_1_5' title="bbox 192 3011 1519 3047">
    <p class='ocr_par' dir='ltr' id='par_1_8' title="bbox 192 3011 1519 3047">
     <span class='ocr_line' id='line_1_36' title="bbox 192 3011 1519 3047; baseline 0.006 -5"><span class='ocrx_word' id='word_1_299' title='bbox 192 3011 390 3044; x_wconf 52' lang='lat' dir='ltr'>Lmamus</span> <span class='ocrx_word' id='word_1_300' title='bbox 414 3013 472 3044; x_wconf 84' lang='lat' dir='ltr'>ed.</span> <span class='ocrx_word' id='word_1_301' title='bbox 495 3013 732 3046; x_wconf 79' lang='lat' dir='ltr'>Foerster.</span> <span class='ocrx_word' id='word_1_302' title='bbox 771 3014 816 3046; x_wconf 87' lang='lat' dir='ltr'>V.</span> <span class='ocrx_word' id='word_1_303' title='bbox 1498 3011 1519 3047; x_wconf 90' lang='lat' dir='ltr'>l</span> 
     </span>
    </p>
   </div>
  </div>
 </body>
</html>
