2054 3192
227 133 333 185 124
706 132 932 176 LIBANII
964 132 1354 177 DECLAMATIO
1387 133 1429 176 H

219 273 444 321 codicum
477 289 766 336 graecorum
797 272 915 320 bibl.
941 273 1184 321 Vallicell.
1219 273 1352 321 edito
1387 289 1416 320 a
1440 273 1676 321 Martinio
1707 290 1754 335 p.
1784 267 1913 339 225)

221 349 444 395 continet
475 347 600 395 duos
631 347 894 396 fasciculos
928 348 989 395 ab
1022 347 1211 395 Allatio
1245 349 1473 395 exaratos
1507 363 1720 408 quorum
1751 347 1914 409 priore

221 421 502 469 continetur
518 421 813 469 declamatio
832 421 1133 486 φιλάργυρος
1156 419 1383 486 ἐρασθεὶς
1407 419 1598 485 ἑταίρας
1622 419 1705 469 καὶ
1729 420 1915 484 μισθὸν

218 493 583 558 ἀπαιτούμενος
630 493 805 544 ἑαυτὸν
852 493 1193 560 προσαγγέλλει
1233 489 1290 561 (t.
1323 495 1394 542 IV
1427 512 1473 557 p.
1501 497 1604 543 827
1625 489 1717 563 R),
1757 496 1914 544 altero

221 568 559 617 κωλύουσιν
583 568 907 633 Σωκράτην
933 567 992 617 έν
1023 573 1095 637 τῷ
1130 568 1505 636 δεσμωτηρίῳ
1532 567 1916 634 διαλέγεσθαι

220 641 315 691 καὶ
364 640 657 708 ἀντιλέγει
702 643 801 702 τίς.
867 643 1124 691 Consentit
1164 659 1272 691 cum
1306 643 1370 699 B,
1414 643 1499 690 sed
1531 643 1714 691 desinit
1751 643 1918 706 verbis·

221 717 499 780 λαλίστεροι.
550 716 628 764 καὶ
668 716 752 765 τόν
790 735 843 782 γε
882 717 1083 782 κροίσου
1122 724 1210 765 τοῦ
1245 734 1293 779 p.
1322 719 1443 777 137,
1479 719 1560 764 14.
1606 717 1719 765 Mea
1751 718 1928 780 gratia

224 807 353 839 anno
391 793 529 839 1903
563 793 778 853 inspexit
810 791 1071 840 Eduardus
1106 791 1298 839 Scheer.

337 867 381 913 5.
407 865 784 913 Matritensis
812 867 999 927 4679,
1034 866 1154 913 olim
1177 866 1370 913 N-49
1400 858 1493 931 (==
1511 859 1618 931 Ma)
1653 881 1776 914 saec.
1796 865 1914 912 XIV

220 940 305 987 fol.
336 941 454 987 175.
526 939 651 986 Vide
686 942 722 987 t.
754 940 780 987 I
810 957 857 1002 p.
886 941 988 987 362
1010 956 1080 1001 sq.
1126 942 1176 987 et
1217 942 1254 987 t.
1286 939 1356 986 IV
1397 956 1442 1001 p.
1478 941 1599 987 410.
1679 939 1914 987 Collatio-

220 1031 333 1060 nem
368 1030 527 1060 meum
560 1015 613 1060 in
644 1029 788 1061 usum
817 1030 927 1062 cum
961 1015 1247 1077 apographo
1282 1013 1464 1061 codicis
1495 1013 1758 1061 Barberini
1786 1029 1914 1061 anno

225 1088 365 1135 1872
393 1088 454 1134 ab
479 1087 713 1135 Eduardo
737 1086 956 1150 Geppert
982 1089 1163 1136 factam
1188 1088 1293 1149 ipse
1320 1103 1448 1135 anno
1470 1088 1612 1136 1880
1629 1089 1912 1135 retractavi.

131 1172 217 1211 169
336 1164 381 1210 6.
415 1162 755 1210 Marcianus
789 1179 860 1225 gr.
888 1163 993 1210 514
1020 1155 1115 1228 (=
1140 1156 1216 1227 Μ)
1242 1163 1529 1210 chartaceus
1561 1162 1748 1210 formae
1782 1163 1914 1209 octa-

221 1252 311 1283 vae
345 1235 528 1284 saeculi
559 1252 658 1283 non
683 1237 814 1298 XIV,
845 1239 902 1284 ut
938 1236 1062 1284 dixit
1092 1231 1347 1284 Zanettius
1379 1238 1431 1283 in
1464 1236 1693 1299 catalogo
1717 1253 1763 1297 p.
1793 1237 1914 1299 277,

222 1310 306 1358 sed
338 1310 445 1370 XV,
477 1313 533 1357 ut
564 1309 728 1358 visum
760 1314 832 1358 est
863 1311 1041 1358 Ioanni
1073 1310 1280 1371 Veludo,
1312 1311 1655 1358 miscellaneus
1696 1311 1916 1357 continet

221 1386 336 1446 post
367 1384 660 1432 Nicomachi
690 1384 1048 1432 Arithmeticae
1080 1385 1234 1432 libros
1267 1385 1371 1444 (fol.
1405 1379 1476 1450 6),
1510 1383 1766 1445 Sophoclis
1797 1383 1916 1432 Aia-

221 1474 327 1506 cem
353 1451 495 1525 (48),
544 1458 745 1507 Ioannis
793 1459 1060 1507 Pediasimi
1107 1459 1166 1506 de
1213 1458 1466 1506 laboribus
1512 1458 1741 1505 Herculis
1780 1451 1914 1524 (94),

224 1531 445 1580 Oanones
470 1534 870 1595 grammaticales
889 1526 1061 1599 (108),
1085 1533 1294 1580 Maximi
1311 1533 1452 1594 Tyrii
1476 1532 1723 1580 orationes
1743 1525 1915 1598 (164),

221 1606 517 1654 Philostrati
547 1606 813 1654 Heroicum
848 1600 1003 1674 (211)
1039 1609 1089 1654 et
1120 1607 1362 1670 imagines
1397 1600 1576 1672 (260),
1618 1605 1814 1668 Synesii
1854 1606 1916 1653 ad

222 1680 493 1728 Arcadium
523 1680 649 1742 Imp.
683 1681 741 1728 de
774 1682 943 1744 Regno
969 1674 1144 1748 (3131),
1175 1681 1381 1729 Homeri
1410 1681 1586 1728 Iliadis
1617 1680 1768 1728 libros
1795 1681 1915 1727 duos

221 1754 409 1816 priores
444 1770 553 1802 cum
584 1756 878 1817 paraphrasi
911 1755 1159 1803 Manuelis
1191 1755 1503 1817 Moschopuli
1528 1748 1685 1820 (352)

333 1828 466 1876 foliis
493 1830 784 1876 415—-422
811 1828 1127 1878 Κωλύουσι
1152 1827 1473 1893 Σωκράτην
1507 1826 1566 1876 έν
1597 1832 1669 1895 τῷ
1697 1828 1914 1891 δεσμω-

221 1902 400 1971 τηρίῳ
456 1900 840 1968 διαλέγεσθαι
894 1901 989 1951 καὶ
1045 1899 1337 1967 ἀντιλέγει
1390 1920 1489 1961 τις.
1583 1896 1914 1967 λιβανίουῙ)

219 1973 440 2039 μελέτη.
520 1977 796 2038 Descripsit
842 1981 892 2025 et
931 1977 1152 2026 Venetiis
1201 1993 1329 2025 anno
1381 1978 1520 2025 1785
1566 1976 1756 2038 publici
1795 1976 1915 2023 iuris

221 2050 339 2097 fecit
369 2050 578 2098 Iacobus
611 2051 806 2098 Morelli
836 2053 888 2098 in
919 2051 1047 2099 libro
1078 2051 1339 2113 inscripto:
1375 2049 1613 2099 Aristidis
1644 2052 1796 2098 oratio
1829 2050 1916 2098 ad-

220 2137 391 2173 versus
414 2125 682 2184 Leptinem.
736 2125 942 2173 Libanii
966 2127 1248 2174 declamatio
1263 2139 1359 2185 pro
1381 2125 1589 2172 Socrate.
1636 2123 1917 2172 Aristoxeni

221 2198 596 2258 rhythmicorum
629 2201 963 2247 elementorum
994 2201 1282 2260 fraymenta.
1332 2214 1387 2247 em
1418 2199 1697 2246 bibliotheca
1738 2198 1916 2246 Veneta

221 2273 285 2319 D.
319 2272 487 2320 Marci
517 2288 647 2320 mmo
670 2276 890 2333 primum
923 2273 1030 2321 edit.
1091 2290 1139 2334 p.
1176 2274 1482 2321 190—265.
1547 2271 1642 2320 Sed
1681 2273 1809 2319 male
1842 2287 1916 2318 ce-

220 2345 344 2392 cidit
378 2346 508 2407 quod
539 2346 682 2393 illum
714 2347 868 2408 praef.
901 2365 946 2409 p.
974 2346 1176 2407 XXXII,
1207 2347 1352 2394 unico
1385 2347 1491 2394 loco
1527 2362 1623 2407 quo
1657 2362 1916 2393 numerum

218 2419 402 2466 codicis
427 2419 682 2480 indicavit,
708 2421 928 2468 calamus
961 2421 1153 2481 fefellit,
1178 2447 1252 2454 —
1277 2421 1475 2482 scripsit
1499 2420 1628 2466 enim
1654 2435 1913 2466 numerum

225 2494 331 2539 524
374 2520 441 2526 —-
490 2510 665 2555 neque,
698 2494 816 2542 dum
863 2510 954 2557 ego
995 2495 1217 2542 Venetiis
1252 2510 1435 2554 versor,
1483 2494 1688 2555 reperiri
1735 2493 1913 2555 potuit.

222 2566 422 2613 Ioannis
455 2567 651 2615 demum
675 2567 867 2616 Veludo
900 2568 1262 2616 bibliothecarii
1296 2570 1346 2615 et
1368 2567 1549 2615 veteris
1583 2567 1730 2615 amici
1751 2581 1914 2627 perse-

223 2641 477 2687 verantiae
509 2640 656 2688 debui
690 2644 747 2688 ut
779 2643 929 2690 codex
962 2658 1090 2690 anno
1127 2643 1268 2689 1874
1302 2641 1601 2702 reperiretur
1632 2643 1682 2687 et
1713 2640 1774 2686 ab
1806 2641 1914 2701 ipso

219 2729 331 2760 cum
365 2714 646 2775 pulvisculo
686 2716 1010 2763 excuteretur.
1072 2716 1244 2777 Nuper
1274 2730 1304 2762 a
1334 2731 1411 2762 me
1451 2716 1656 2777 rogatus
1697 2714 1914 2777 gratiose

220 2788 440 2848 inspexit
473 2787 679 2837 Carolus
713 2789 863 2836 Frati.

307 2875 315 2877 ⁴
345 2901 385 2955 1)
417 2898 545 2942 Haeo
578 2913 664 2941 vox
704 2902 775 2942 est
812 2900 949 2943 valde
982 2900 1324 2956 compendiata.
1388 2899 1557 2943 Totum
1591 2898 1804 2942 libellum
1843 2898 1914 2940 in-

220 2958 380 3001 dicare
413 2958 569 3001 omisit
601 2958 855 3002 Zanettius.
