2026 3192
186 1090 228 1122 10

190 1536 229 1568 15

248 131 358 184 464
717 127 943 175 LIBANH
979 132 1058 176 DE
1064 132 1369 177 CLAMATIO
1401 133 1464 177 IX

248 263 417 320 πλείω
459 268 590 336 μετὰ
630 268 726 329 τὰς
763 270 985 335 ψήφους
1017 273 1173 321 οἴκοι.
1213 270 1309 331 τὰς
1340 270 1444 338 γὰρ
1478 269 1839 339 ἀποκηρύξεις
1870 271 1938 324 οὔ

248 366 360 408 τῶν
399 355 817 424 ἐκβαλλομένων
854 361 1065 423 μᾶλλον
1105 352 1247 410 εἶναι
1288 358 1372 410 δεῖ
1409 361 1651 425 νομίζειν
1689 359 1939 428 ἀθυμίαν

250 444 282 512 ἢ
330 455 440 498 τῶν
493 443 922 514 ἠναγκασμένων
973 444 1239 512 ἐκβαλεῖν.
1274 447 1331 499 -ὁ
1379 444 1480 512 μὲν
1527 448 1630 516 γὰρ
1678 447 1780 500 οὐκ
1831 450 1938 517 ἔχει

249 535 350 602 τὴν
390 535 595 601 οἰκίαν,
646 534 674 587 ὁ
717 531 777 586 δὲ
818 534 918 586 οὐκ
965 531 1074 603 ἔχει
1119 535 1216 587 τὸν
1255 536 1395 588 υἱόν.
1476 536 1557 588 12.
1599 537 1795 604 διῆγον
1836 533 1941 591 οὖν

252 611 311 674 ἐν
359 616 550 689 οἷσπερ
600 625 650 675 οἱ
693 631 1005 691 συμφοραῖς
1058 622 1381 692 κεχρημένοι
1436 627 1640 687 πότους
1692 623 1795 694 μὲν
1848 625 1938 678 καὶ

251 712 557 764 σύνδειπνα
595 710 685 765 καὶ
725 713 791 764 τὰ
830 711 1024 782 τέρψιν
1063 715 1258 781 ἔχοντα
1303 713 1481 765 πάντα
1527 713 1711 776 ἁπλῶς
1749 713 1940 766 ἀποδι-

250 800 524 869 δράσκων,
565 803 735 853 αἰτῶν
774 801 835 853 δὲ
874 801 1047 854 νύκτα
1086 802 1174 854 καὶ
1214 800 1423 869 ἡμέραν
1462 802 1608 871 παρὰ
1640 809 1751 855 τῶν
1789 807 1941 855 θεῶν

250 887 554 957 ἐπιθυμίαν
594 892 896 957 βελτιόνων
935 892 1114 958 ἔργων
1154 889 1401 943 ἐνθεῖναι
1445 894 1811 957 Θεμιστοκλεῖ.
1850 891 1941 944 καὶ

252 978 352 1031 οὐκ
386 979 639 1047 ἠτύχησα.
681 981 974 1046 γενόμενος
1007 980 1110 1046 γὰρ
1144 977 1232 1048 ἐφ’
1270 978 1469 1031 ἑαυτοῦ
1503 977 1592 1031 καὶ
1627 980 1728 1047 τὴν
1760 981 1942 1048 ψυχὴν

252 1066 493 1136 ἀλγήσας
539 1066 629 1120 καὶ
677 1069 943 1129 καταστὰς
999 1069 1077 1130 εἰς
1129 1069 1229 1136 τὴν
1283 1064 1422 1137 ὑπὲρ
1469 1077 1580 1121 τῶν
1627 1068 1942 1136 ἀναγκαίων

252 1157 525 1224 φροντίδα
574 1157 744 1223 κάλλη
796 1153 896 1224 μὲν
948 1156 1216 1224 σωμάτων
1269 1155 1359 1208 καὶ
1412 1159 1542 1218 τοὺς
1595 1155 1719 1224 περὶ
1773 1165 1943 1209 ταῦτα

252 1242 456 1313 ἔρωτας
481 1243 571 1298 καὶ
596 1246 692 1307 τὰς
724 1246 825 1298 οὐκ
858 1244 1256 1314 ἐπαινουμένας
1289 1245 1489 1314 ἡδονὰς
1523 1244 1712 1298 οὐκέθ’
1744 1245 1943 1312 ὁμοίως

252 1333 479 1387 ἐδίωκεν
518 1333 633 1386 οὐδ’
683 1333 866 1402 ἠμέλει
906 1339 1182 1397 παντελῶς
1222 1342 1317 1402 τῆς
1357 1335 1629 1403 διανοίας,
1678 1333 1815 1387 ἀλλὰ
1852 1332 1942 1387 καὶ

252 1433 502 1492 χρηστῶν
543 1421 721 1490 ἔργων
761 1422 1024 1491 ἐμέμνητο
1072 1422 1162 1476 καὶ
1209 1426 1441 1491 μεθίστη
1489 1425 1612 1476 τινὰ
1659 1422 1748 1475 καὶ
1794 1422 1943 1489 μετέ-

254 1514 422 1579 βαλλε
469 1510 559 1564 καὶ
605 1514 706 1580 τὴν
752 1513 926 1580 φύσιν
973 1513 1072 1581 οὐχ
1121 1512 1321 1578 ὁμοίως
1374 1512 1626 1564 ἀπώλλυε
1676 1513 1769 1564 καί
1819 1531 1943 1564 τινα

253 1600 566 1671 ἀγρυπνίαν
608 1600 877 1670 ἠγρύπνει
917 1604 1111 1668 βελτίω
1152 1610 1262 1653 τῶν
1300 1600 1583 1670 προτέρων
1624 1603 1701 1662 εἰς
1752 1603 1943 1653 Μιλτι-

254 1690 395 1757 άδην
448 1689 667 1756 βλέπων
727 1690 816 1741 καὶ
878 1691 939 1742 τὸ
979 1693 1313 1759 Μαραθῶνι
1370 1692 1651 1759 τρόπαιον.
1714 1687 1800 1755 ἐφ’
1863 1682 1945 1751 οἷς

254 1779 425 1830 αὐτὸν
465 1777 706 1847 ὁρμησας
746 1778 1044 1844 ἀναλαβεῖν
1083 1777 1315 1846 ἐπέσχον
1360 1786 1460 1831 τοῦ
1505 1778 1805 1847 ριζωθῆναι
1845 1779 1945 1846 τὴν

377 1930 397 1966 1
434 1924 490 1968 cf.
525 1924 687 1967 Meier—
692 1923 999 1968 Schoemann-
1003 1924 1202 1980 Lipsius,
1236 1925 1331 1967 Att.
1357 1923 1529 1967 Prozess
1561 1939 1605 1980 p.
1634 1928 1717 1966 535
1736 1938 1801 1978 sq.

256 1987 281 2025 6
296 1983 415 2026 plat.
427 1997 554 2027 conv.
566 1998 612 2039 p.
625 1988 678 2026 17
683 1988 708 2025 2
720 1983 756 2025 Β
866 1988 919 2026 14
933 1982 1054 2026 Plut.
1065 1983 1225 2026 Them.
1237 1988 1277 2038 2,
1289 1990 1314 2027 5
1329 1998 1435 2026 cum
1452 1986 1564 2027 nota
1573 1983 1740 2026 Baueri
1752 1997 1796 2038 p.
1812 1987 1864 2024 10
1876 1996 1942 2036 sq.

377 2123 398 2160 1
442 2117 524 2166 τὰς
549 2143 602 2148 -
621 2121 654 2171 3
682 2116 907 2183 ἐκβαλεῖν
948 2116 1064 2160 citas]
1102 2115 1575 2187 flori1.Neapol.f01.
1611 2120 1801 2167 2831,-

255 2181 282 2218 4
314 2175 419 2220 υἱόν
451 2175 718 2249 praemissis
748 2175 903 2218 verbis
935 2181 1016 2231 τῆς
1046 2177 1230 2232 μελέτης
1255 2168 1355 2218 ἐν
1329 2192 1357 2232 ῃ
1387 2173 1611 2230 ἀντιλέγει
1642 2177 1946 2231 θεμιστοκλῆς

256 2235 497 2287 ἀξιοῦντος
527 2232 788 2284 Νεοκλέους
820 2233 1168 2292 ἀναλαμβάνειν
1201 2234 1344 2278 αὐτὸν
1376 2234 1454 2277 καὶ
1487 2237 1761 2289 μελετῶντος
1787 2233 1944 2276 Maca-

254 2294 351 2339 rius
376 2294 454 2338 fol.
474 2299 554 2337 85
581 2295 587 2351 Ι
616 2293 702 2350 γὰρ
728 2308 804 2337 om
828 2293 988 2337 Macar
1109 2299 1134 2337 2
1161 2291 1373 2348 ἀθυμίαν
1399 2307 1472 2336 om
1501 2293 1537 2336 C
1655 2297 1679 2335 3
1707 2291 1944 2349 ἐκβάλλειν

256 2355 443 2397 BILau
586 2357 613 2395 4
653 2352 700 2398 δ’
731 2354 819 2396 Μα
851 2352 1009 2396 Macar
1152 2358 1177 2396 5
1222 2351 1391 2402 πότους
1425 2354 1512 2395 Μα
1552 2352 1632 2395 sed
1675 2351 1725 2394 in
1755 2351 1946 2401 τούτους

256 2424 358 2455 corr
388 2413 457 2454 m²
514 2415 519 2468 Ι
578 2411 628 2456 δὲ
663 2413 750 2455 Μα
807 2415 812 2464 Ι
870 2414 977 2454 ante
1010 2413 1090 2455 καὶ
1128 2426 1202 2455 ras
1236 2416 1262 2453 4
1296 2411 1373 2453 libb
1404 2412 1447 2454 L
1592 2415 1615 2452 6
1661 2410 1717 2453 τὰ
1749 2425 1824 2453 om
1851 2410 1888 2453 C

256 2470 420 2526 τέρψιν
463 2471 649 2527 reposui
682 2485 706 2516 e
737 2470 871 2525 libris
914 2484 1018 2514 eum
1052 2470 1225 2514 Cobeto
1259 2469 1370 2513 (3011.
1399 2474 1482 2512 293
1567 2468 1754 2524 τρέφειν
1793 2469 1884 2511 edd

256 2529 441 2584 τέρπειν
487 2530 649 2573 Iacobs
693 2530 800 2573 Add
835 2534 913 2582 45,
960 2530 1143 2585 τρυφὴν
1182 2530 1309 2573 Anth
1349 2529 1431 2572 Pal
1462 2529 1526 2572 III
1559 2533 1612 2570 68
1781 2532 1836 2571 10
1880 2528 1945 2579 εἰς

257 2588 339 2644 τὴν
372 2603 447 2633 om
483 2591 569 2633 Ma
715 2595 766 2632 11
807 2589 922 2643 ὑπὲρ
958 2590 1025 2633 01
1060 2589 1139 2632 sed
1179 2588 1228 2631 in
1261 2589 1347 2632 hoc
1388 2605 1440 2643 γρ
1473 2588 1578 2641 περὶ
1618 2600 1831 2659 suprascr
1861 2586 1943 2640 m²‚

258 2649 366 2692 Lau
489 2653 541 2691 12
575 2649 659 2692 οὐκ
691 2663 765 2692 om
799 2649 906 2692 Lau
945 2652 950 2703 Ι
986 2647 1180 2722 ᾐδονὰς
1193 2661 1268 2690 om
1303 2649 1390 2691 Ma
1429 2650 1434 2703 Ι
1475 2648 1558 2690 οὐκ
1591 2643 1666 2690 ἔθ’
1699 2647 1823 2690 ΜαΙ
1853 2622 1943 2689 edd'

381 2712 432 2749 14
476 2705 726 2762 μεθίστατο
767 2707 842 2750 vel
888 2705 1082 2762 μεθίστη
1127 2707 1270 2750 αὑτὸν
1313 2706 1563 2762 legendum
1607 2705 1711 2748 coni
1744 2704 1938 2748 Gasda⁸
1935 2730 1939 2762 Ι

257 2764 472 2823 μετέβαλε
504 2766 572 2809 Re
709 2771 773 2809 15
801 2766 883 2822 οὐχ
917 2780 992 2810 om
1023 2766 1207 2809 BILau
1344 2770 1398 2807 16
1430 2765 1510 2808 καὶ
1542 2764 1649 2807 ansse
1681 2761 1943 2819 ἀγρυπνίαν

261 2824 339 2868 GL
382 2827 387 2878 Ι
430 2825 508 2868 καὶ
542 2828 648 2868 ante
681 2825 746 2875 εἰς
778 2826 812 2868 Ι
929 2830 978 2867 17
1014 2825 1092 2867 καὶ
1125 2838 1198 2867 om
1224 2825 1369 2877 ‚lLau
1407 2825 1413 2880 1
1453 2831 1512 2866 τῶ
1546 2823 1654 2866 Lau
1778 2826 1831 2864 18
1862 2829 1943 2866 τοῦ

259 2883 422 2939 scripsi
467 2897 571 2927 cum
613 2883 770 2927 Gasda
845 2884 896 2927 τὸ
933 2884 968 2927 0
1040 2886 1103 2942 τῷ
1142 2882 1312 2938 reliqui
1356 2882 1463 2926 libri
1507 2882 1598 2925 edd
1641 2881 1696 2924 cf.
1732 2881 1791 2924 ad
1822 2881 1944 2924 t.111
