2026 3192
243 130 347 184 196
714 129 941 173 LIBANn
970 128 1360 174 DEOLAMATIO
1392 130 1456 174 ΠΙ

238 272 427 319 fontem
458 271 558 319 iam
590 272 733 334 gravi
763 269 874 317 labe
907 270 1152 331 affectum,
1183 270 1256 316 ita
1279 271 1446 318 tamen
1473 274 1530 318 ut
1555 271 1748 332 saepius
1772 272 1848 320 Pa
1879 274 1929 320 et

238 345 493 393 Parisinus
528 345 666 392 2961
709 345 1068 392 consentientes
1106 345 1290 392 iustam
1322 344 1584 392 lectionem
1623 345 1930 394 servaverint

239 435 390 480 quam
420 418 674 467 Parisinus
710 419 867 467 2988.

250 490 254 493 ⁴
355 492 596 557 Θεώρημα
619 492 818 540 Libanii
843 492 906 539 ad
929 508 975 553 p.
1005 494 1126 547 210,
1146 493 1175 539 6
1203 492 1307 540 solo
1341 492 1505 540 codice
1530 492 1757 541 Parisino
1784 494 1925 542 2988

237 567 308 614 fol
342 568 464 628 310,
496 567 583 629 qui
615 568 720 614 sine
760 566 908 613 dubio
947 566 1058 613 fons
1090 566 1189 612 fuit
1219 565 1426 614 Morello
1439 559 1497 632 ¹),
1533 569 1784 615 servatum
1824 582 1927 616 esse

237 641 447 689 videtur.
509 640 617 688 Hoc
650 656 844 702 quoque
875 639 1122 687 Henricus
1153 634 1382 703 Lebegue
1414 640 1537 687 mihi
1568 641 1794 689 contulit.

349 715 530 778 Magno
586 714 807 762 codicum
862 729 1064 761 numero
1120 714 1386 776 respondet
1442 715 1928 763 testimoniorum

238 805 393 851 copia.

349 863 638 910 Maximus
669 855 1023 927 Planudes2)
1058 862 1110 908 in
1140 861 1383 926 florilegio
1415 878 1593 911 novem
1623 863 1756 911 locos
1790 879 1815 911 e
1848 863 1927 910 de-

238 937 535 985 clamatione
574 936 817 997 excerpsit
854 951 971 984 usus
1010 936 1096 983 ille
1137 936 1334 998 quidem
1374 936 1537 984 codice
1585 937 1736 985 simili
1781 939 1928 999 atque

237 1011 391 1059 BMa
405 1010 459 1059 Oc
478 1011 573 1072 Va,
598 1011 650 1057 in
668 1011 866 1058 scholiis
892 1009 955 1057 ad
970 1009 1222 1071 Aesopum
1245 1027 1399 1057 unum
1415 1004 1485 1076 (p.
1508 1011 1628 1073 205,
1647 1004 1720 1077 8),
1735 1011 1928 1059 Maca-

237 1086 363 1132 rius
399 1078 972 1150 Chrysocephalusss)
1007 1084 1244 1145 quinque,
1285 1087 1457 1132 auctor
1495 1084 1676 1132 lexici
1707 1085 1929 1133 Vindo-

239 1159 541 1219 bonensis,
579 1159 666 1220 qui
696 1158 793 1206 fuit
824 1158 1091 1206 Andreas
1124 1151 1529 1224 Lopadiota4)‚
1561 1158 1695 1206 duos.

351 1233 637 1280 Editionem
667 1233 942 1295 principem
979 1232 1099 1279 fecit
1129 1232 1480 1281 Desiderius
1513 1233 1793 1281 Erasmus
1844 1233 1929 1295 qui

238 1307 427 1368 primus
454 1305 813 1354 Germanorum
846 1322 1047 1368 operam
1080 1308 1305 1355 criticam
1335 1307 1387 1353 in
1412 1307 1621 1354 Libanio
1654 1307 1928 1355 collocavit.

240 1381 334 1437 Qui
365 1382 633 1442 postquam
665 1380 882 1428 codicem
913 1383 1089 1428 nactus
1122 1397 1249 1429 anno
1279 1383 1417 1429 1503
1444 1380 1656 1428 Lovanii
1686 1381 1929 1429 declama-

239 1456 373 1503 tione
414 1455 563 1502 simul
603 1469 716 1502 cum
756 1454 948 1502 duabus
989 1455 1261 1516 ethopoeiis
1300 1457 1352 1502 in
1383 1454 1619 1502 Latinum
1659 1470 1929 1503 sermonem

239 1528 477 1577 vertenda
508 1528 781 1590 periculum
821 1544 937 1576 suae
977 1531 1030 1575 in
1069 1528 1242 1592 lingua
1276 1527 1465 1576 Graeca
1503 1529 1758 1578 facultatis
1797 1530 1928 1590 fecit,

239 1605 515 1650 versionem
547 1618 658 1650 cum
689 1605 826 1650 textu
852 1618 1043 1666 graeco,
1075 1618 1203 1664 quae
1233 1603 1377 1651 hodie
1411 1605 1726 1651 continentur
1765 1603 1929 1651 codice

242 1676 641 1740 Cantabrigiensi
672 1677 806 1724 Trin.
839 1677 894 1724 R.
925 1678 969 1724 9.
1000 1679 1065 1724 26
1099 1670 1234 1742 (vide
1267 1692 1416 1738 supra
1449 1693 1495 1738 p.
1526 1670 1654 1742 193)
1689 1677 1752 1724 ad
1782 1677 1927 1725 Nico-

239 1751 376 1798 laum
422 1751 683 1798 Ruterium
731 1753 1015 1813 episcopum
1058 1750 1438 1799 Atrebatensem
1483 1751 1635 1798 misit.
1649 1743 1690 1817 5)
1754 1750 1928 1799 Versio

239 1825 399 1872 latina
439 1840 567 1873 anno
604 1825 743 1872 1519
779 1840 809 1872 a
840 1825 930 1871 Th.
962 1826 1232 1873 Martensio
1271 1825 1482 1873 Lovanii
1521 1825 1654 1887 typis
1694 1825 1929 1873 mandata

241 1892 385 1965 est⁶)‚
416 1900 575 1946 versio
610 1914 721 1946 cum
755 1898 966 1961 epistula
999 1899 1303 1946 dedicatoria
1337 1901 1385 1947 et
1418 1901 1556 1946 textu
1589 1914 1764 1962 graeco
1789 1899 1928 1947 Basi-

362 2056 403 2110 1)
435 2055 478 2097 Is
511 2069 555 2121 p.
583 2058 665 2097 199
700 2067 747 2097 se
786 2054 837 2097 id
868 2069 952 2109 „ex
984 2056 1124 2099 altero
1159 2056 1250 2099 Ms.
1289 2055 1334 2099 Ο.
1361 2056 1503 2112 Reqf
1534 2055 1756 2110 praebeie
1787 2056 1928 2098 testa-

241 2115 316 2156 tus
351 2115 419 2156 est
456 2115 503 2156 et
542 2113 591 2156 in
623 2113 810 2157 Notatis
851 2114 912 2157 ad
951 2113 1200 2157 Libanium
1239 2114 1262 2156 f
1290 2119 1313 2156 1
1356 2127 1460 2157 eum
1498 2119 1682 2158 veterem
1724 2113 1929 2158 Codicem

243 2173 435 2230 Reyium
468 2171 738 2228 appellavit
771 2172 988 2216 Reiskius
1020 2173 1070 2215 in
1094 2173 1185 2216 fine
1211 2172 1566 2216 declamationis
1599 2178 1727 2229 pass
1758 2172 1927 2229 posuit.

361 2235 404 2285 2)
438 2230 503 2275 Cf.
538 2235 570 2274 t.
596 2232 681 2287 Ip
711 2236 779 2275 73.
812 2234 844 2275 t.
870 2231 1001 2288 IVp.
1030 2236 1128 2276 344.

361 2290 889 2347 3)Oft.1p.351sq.
1071 2290 1527 2348 4)Cf..t1p.238.

362 2353 405 2406 5)
438 2350 737 2393 Dedicatoria
767 2349 970 2406 epistula
1002 2350 1145 2394 etiam
1176 2351 1225 2393 in
1257 2365 1372 2406 opus
1406 2350 1711 2406 epistularum
1752 2350 1928 2392 editum

243 2409 301 2451 ab
342 2407 506 2452 Alleno
547 2411 578 2451 t.
605 2410 625 2451 I
656 2424 699 2464 p.
728 2413 812 2452 390
844 2425 888 2453 n.
918 2414 999 2452 177
1041 2411 1228 2466 recepta
1268 2411 1348 2452 est.
1405 2409 1474 2452 De
1506 2422 1646 2465 opera
1678 2423 1762 2452 sua
1793 2408 1929 2452 Eras-

241 2482 343 2510 mus
377 2467 519 2510 etiam
551 2468 598 2510 in
632 2467 835 2523 epistula
863 2467 937 2511 die
963 2468 1132 2512 XXVH
1162 2468 1332 2511 mensis
1365 2468 1636 2512 Novembris
1670 2467 1781 2511 anni
1814 2472 1926 2511 1503

244 2526 304 2568 ad
349 2525 458 2569 Wil.
492 2526 695 2570 Herman
736 2528 848 2570 data
887 2526 1061 2583 (Α11011,
1107 2527 1233 2583 Opus
1275 2526 1576 2583 epistolarum
1609 2527 1711 2570 Des.
1745 2526 1928 2570 Erasmi

243 2587 276 2628 t.
301 2585 322 2627 Ι
351 2600 395 2640 p.
424 2590 507 2629 393
533 2601 576 2629 n.
605 2588 706 2643 178)
731 2587 871 2629 verba
897 2586 1027 2630 fecit:
1070 2587 1195 2631 Verti
1216 2600 1361 2642 nuper
1385 2586 1819 2630 declamatiunculas
1841 2587 1928 2630 ali·
2000 2639 2004 2642 q

243 2649 364 2699 quot,
395 2659 533 2688 uuam
561 2646 757 2689 Libana?
786 2646 1043 2701 Sophistae,
1076 2647 1193 2690 duas
1223 2646 1392 2689 incerto
1427 2646 1639 2699 authore;
1669 2659 1744 2689 eas
1776 2645 1929 2689 dicavi

244 2704 499 2759 donavique
537 2703 719 2748 domiuo
759 2706 954 2749 Nicolao
993 2706 1186 2749 Ruterio
1225 2705 1427 2760 episcopo
1468 2705 1755 2748 Atrebatem-si
1792 2705 1928 2747 huius

243 2762 518 2806 Academiae
555 2764 838 2807 cancellario.
902 2766 952 2808 Is
989 2777 1257 2820 maynopere
1295 2769 1445 2807 nostro
1484 2763 1752 2806 munusculo
1791 2763 1928 2807 delec-

244 2826 368 2865 tatus
406 2835 679 2877 quamquam
710 2836 933 2878 perquam
968 2823 1143 2879 pusillo
1182 2823 1244 2865 ad
1285 2822 1537 2866 convivium
1581 2822 1755 2866 vocavit
1793 2847 1848 2852 —
1888 2827 1928 2864 et

245 2881 369 2924 misit
399 2893 560 2924 aureos
590 2881 747 2924 decem.

366 2940 408 2982 5x
442 2937 507 2983 Cf.
542 2938 677 2983 Allen
709 2939 738 2983 l.
765 2940 793 2983 1.
824 2955 867 2995 p.
896 2944 993 2983 390.
1027 2939 1125 2996 Ego
1159 2953 1258 2983 eam
1295 2954 1385 2983 non
1417 2939 1525 2982 vidi.
