2026 3192
699 139 946 185 ORESTIS
979 139 1277 184 DEFENSIO
1718 140 1827 193 373

133 275 195 329 ἐν
234 276 411 343 ἤθους
448 275 787 344 προφέροιτο
836 277 1068 345 σχήματι
1115 277 1269 345 μίξας
1317 277 1394 338 είς
1440 276 1503 329 ἓν
1547 275 1828 347 ἀμφότερα

132 365 223 418 καὶ
262 371 335 437 τῷ
370 365 645 434 πράγματι
684 363 771 418 καὶ
815 370 889 437 τῷ
930 366 1207 435 προσώπῳ
1255 366 1316 418 τὸ
1367 374 1650 435 προσῆκον
1696 365 1829 419 ἀπο-

134 453 342 516 διδούς.

246 541 293 594 6.
337 543 455 595 Οὐκ
495 542 809 613 ἀγνοοῦμεν
854 539 915 595 δὲ
964 541 1036 605 ὡς
1083 541 1172 595 ἐπὶ
1219 548 1371 596 θεῶν
1419 545 1694 597 δικαστῶν
1739 542 1831 597 καὶ

132 633 270 702 πρὸς
308 633 402 695 τὰς
434 631 689 701 Ἐριννῦς
729 634 1052 700 συνίστησιν
1086 632 1232 702 αὐτῷ
1266 633 1367 700 τὴν
1399 637 1585 702 κρίσιν
1616 632 1831 696 ἀτόπως
1878 655 1897 686 5

134 720 163 774 ὁ
203 726 386 790 μῦθος
424 722 607 791 ὥσπερ
646 731 758 775 τῶν
804 724 1137 792 κρειττόνων
1183 720 1318 790 πρὶν
1365 721 1598 775 ἀκοῦσαι
1648 723 1708 775 τὸ
1749 723 1830 775 δί-

132 830 294 863 καιον
333 810 691 879 ἀγνοούντων
728 811 818 864 καὶ
856 816 1063 878 μαθεῖν
1109 809 1168 863 ἐκ
1214 819 1310 878 τῆς
1357 813 1590 881 κρίσεως
1634 811 1831 881 ἀναμε-

133 902 345 953 νόντων
393 900 524 967 ὅπερ
579 897 690 952 ἔδει
743 901 1095 969 ψηφίζεσθαι.
1153 899 1268 953 ἐπεὶ
1320 895 1424 953 οὗν
1476 901 1681 967 μύθων
1737 901 1830 971 ἀρ-

133 991 322 1059 χαίων,
360 990 506 1057 πλὴν
545 991 596 1041 εἰ
631 990 704 1058 μὴ
743 988 1048 1057 πάρεργον,
1095 988 1385 1057 ῥητορικὸς
1435 990 1537 1042 οὐκ
1587 988 1832 1053 ἀνέξεται

135 1080 323 1147 λόγος,
368 1079 586 1140 τούτοις
633 1079 846 1147 χαίρειν
891 1080 1138 1140 εἰπόντες
1184 1078 1245 1130 τὸ
1284 1078 1498 1148 πρέπον
1535 1078 1827 1132 κάνταῦθα
1853 1101 1898 1134 10

135 1167 481 1236 φυλάξωμεν.

800 1284 876 1338 ‘H
907 1286 1156 1355 μελέτη.

250 1391 295 1444 1.
339 1389 539 1460 Ὤιμην
578 1389 703 1460 μέν,
751 1387 792 1443 ὦ
843 1391 1067 1461 ἄνδρες,
1117 1392 1271 1458 μόλις
1318 1387 1449 1444 ποτὲ
1496 1392 1597 1460 τὴν
1652 1392 1834 1462 Τύχην

134 1481 266 1550 ἡμῖν
324 1479 604 1533 ἐνδιδόναι
665 1480 754 1533 καὶ
809 1480 1006 1550 καιρὸν
1059 1476 1287 1533 ἔσεσθαί
1334 1499 1427 1549 μοι
1468 1480 1666 1534 λοιπὸν
1712 1479 1829 1534 κατ’

137 1563 373 1638 ἐμαυτὸν
413 1569 587 1632 ἀδεῶς
626 1568 892 1638 γενέσθαι
930 1570 1021 1623 καὶ
1061 1570 1157 1632 τὰς
1197 1569 1327 1639 ε’μάς
1366 1570 1434 1638 δὴ
1466 1570 1667 1632 ταύτας
1706 1569 1835 1622 ὀδύ-
1860 1592 1903 1624 1⁵

140 1665 340 1729 ρεσθαι
381 1660 688 1729 συμφοράς,
727 1660 957 1726 ἤλπιζον
997 1659 1100 1727 γὰρ
1141 1658 1298 1727 ἡμᾶς,
1337 1651 1426 1712 οἷα
1464 1661 1596 1722 τοὺς
1634 1660 1837 1722 ἄλλους

138 1749 500 1818 ἀνθρώπους,
541 1749 606 1801 τὰ
657 1748 758 1817 μὲν
798 1749 1113 1817 δυστυχεῖν,
1153 1749 1219 1800 τὰ
1271 1744 1331 1800 δὲ
1370 1746 1460 1800 καὶ
1500 1753 1836 1816 πεπαῦσθαι,

256 1869 283 1908 4
316 1864 374 1909 cf.
407 1880 452 1921 p.
480 1870 579 1908 362.
612 1864 778 1909 Aesch.
811 1864 944 1908 Eum.
973 1868 1056 1908 397
1077 1879 1143 1920 sq.

260 1975 313 2013 12
341 1967 403 2012 ‘H
424 1967 599 2026 μελέτη]
637 1967 754 2024 αὕτη
786 1968 815 2025 ἡ
848 1966 1007 2025 μελέτη
1041 1967 1238 2025 μάλιστα
1270 1969 1460 2022 εὐπορεῖ
1489 1966 1753 2025 δεινότητός
1786 1983 1835 2012 τε

138 2030 219 2074 καὶ
251 2028 479 2087 σχήματος
512 2028 632 2084 ἄγαν
658 2025 907 2084 ῥητορικοῦ
939 2028 1019 2071 καὶ
1053 2029 1218 2080 δεινῶς
1250 2026 1274 2071 ὁ
1299 2028 1664 2085 ἀναγιγνώσκων
1697 2042 1836 2072 σπου-

140 2091 227 2144 δῆς
258 2090 338 2132 καὶ
372 2095 457 2132 νοῦ
490 2086 862 2144 κεκαθαρμένου.
898 2087 939 2131 εἰ
968 2086 1056 2145 γὰρ
1091 2086 1308 2131 αἴσθοιτο
1340 2093 1423 2143 τῆς
1453 2086 1638 2143 μελέτης
1667 2087 1838 2144 ταύτης

137 2149 189 2192 τὸ
223 2146 512 2219 ὑπερβάλλον
543 2146 720 2202 κάλλος,
754 2147 874 2203 σοώη
900 2145 1127 2206 (σοβοίηῗ)
1162 2148 1241 2191 καὶ
1273 2145 1433 2207 πηδῴη
1467 2146 1546 2190 καὶ
1571 2144 1837 2197 ἀλλοῖοςχᾶν

139 2208 185 2261 ἐξ
217 2208 407 2251 ἀλλοιου
440 2205 618 2263 γένοιτο
651 2207 746 2250 La³

260 2316 282 2354 1
316 2309 627 2367 προσφέροιτο
660 2311 828 2355 LaMa
860 2310 942 2353 sed
973 2311 1022 2353 in
1054 2310 1142 2355 hoc
1175 2324 1201 2354 σ
1230 2309 1356 2353 inser
1386 2309 1456 2352 m⁸
1517 2308 1705 2364 φέροιτο
1739 2311 1844 2354 HV

149 2372 217 2416 Va
244 2373 250 2427 Ι
278 2371 356 2414 καὶ
390 2374 501 2414 ante
533 2367 667 2426 μίξας
707 2370 776 2414 Va
810 2373 816 2426 Ι
857 2369 962 2426 εἴπη
1007 2371 1075 2414 Va
1108 2370 1189 2414 sed
1223 2369 1288 2419 εἰς
1320 2368 1369 2413 ἓν
1402 2382 1618 2424 suprascr
1648 2368 1720 2412 m'

141 2435 166 2474 5
201 2430 355 2485 ἐρινύς
387 2430 461 2474 La
494 2428 551 2473 cf.
587 2428 648 2471 ad
679 2431 713 2472 t.
739 2428 802 2472 IV
837 2434 935 2483 197,
958 2434 1008 2472 12
1135 2434 1158 2471 7
1192 2429 1267 2472 καὶ
1305 2429 1411 2471 ante
1444 2426 1837 2485 ἀναμενόντωνΒ

260 2494 286 2532 8
318 2487 626 2545 ψηφίσασθαι
661 2489 804 2533 MaOl
853 2490 859 2545 Ι
914 2489 1081 2544 μύθων
1123 2486 1330 2546 ἀρχαίων
1363 2486 1528 2544 scripsi
1572 2500 1627 2530 ex
1659 2489 1717 2532 Η
1723 2488 1837 2532 VVa

142 2548 414 2593 LaBMaGl
475 2550 631 2604 μῦθον
664 2549 862 2605 ἀρχαῖον
896 2549 955 2591 M
963 2548 1022 2591 Vi
1053 2547 1143 2591 edd
1265 2551 1290 2590 9
1324 2543 1568 2602 ῥητορικῆς
1601 2548 1658 2590 Vi
1683 2548 1691 2603 Ι
1730 2546 1838 2591 ἀνέ-

141 2614 297 2665 χεταιὶ)
421 2611 475 2650 10
495 2606 706 2650 ἐνταῦθα
727 2608 811 2651 Ma
926 2612 978 2650 11
1000 2605 1274 2663 φυλάξωμεν
1291 2605 1456 2662 scripsi
1474 2619 1530 2650 ex
1549 2606 1598 2649 H
1610 2607 1677 2651 Va
1690 2607 1837 2650 ViMa

145 2667 197 2712 Ol
257 2665 522 2723 φυλάξομεν
556 2665 784 2710 VLaBM
812 2665 902 2709 edd
1026 2671 1079 2709 12
1108 2664 1169 2708 ‘H
1198 2664 1355 2721 μελέτη
1382 2664 1494 2709 Ma²
1555 2679 1630 2708 om
1660 2665 1778 2709 VVa

142 2728 394 2782 μελετῶμεν
425 2725 508 2769 τὸν
542 2722 734 2781 ὀρέστην
765 2724 878 2768 rubr
911 2727 972 2769 M
1017 2727 1023 2781 Ι
1067 2723 1309 2778 Ὀρέστους
1338 2727 1447 2780 post
1479 2722 1637 2781 μελέτη
1670 2724 1762 2767 edd

144 2785 294 2829 delevi
417 2789 469 2827 13
503 2783 585 2839 μέν
618 2798 692 2828 om
729 2786 788 2828 Μ
796 2785 853 2828 Vi
916 2784 1042 2828 inser
1076 2782 1186 2827 Μαι8
1223 2786 1228 2839 Ι
1270 2784 1499 2838 ἀθηναῖοι
1530 2785 1638 2839 post
1669 2783 1838 2838 ἄνδρες

151 2844 222 2888 Va
342 2848 397 2888 14
430 2842 672 2887 ἐκδιδόναι
695 2843 798 2887 HV
918 2848 971 2886 15
998 2843 1054 2898 δὴ
1081 2842 1245 2898 scripsi
1278 2856 1303 2886 e
1328 2843 1373 2886 B
1405 2845 1453 2887 et
1477 2842 1567 2886 Par
1591 2846 1705 2886 3017
1731 2856 1836 2886 cum

143 2901 626 2947 BoissonadioAnecd.
643 2901 706 2945 IV
724 2906 807 2944 421
873 2902 925 2947 δὲ
956 2901 1124 2957 reliqui
1150 2900 1259 2945 libri
1291 2901 1382 2946 edd
1505 2906 1558 2945 17
1592 2902 1836 2958 δυστυχεῖν

145 2962 220 3006 La
252 2962 334 3006 sed
361 2968 430 3007 εῖν
461 2961 511 3004 in
541 2975 617 3006 ras
641 2976 674 3004 n
700 2961 707 3020 Ι
735 2962 814 3005 καὶ
838 2974 914 3005 om
939 2962 996 3006 H
1003 2961 1118 3005 VVa
1144 2962 1150 3017 Ι
1177 2961 1535 3005 πεπαύσεσθαιῖ
