2026 3192
1 3002 24 3192 ἰ

520 120 747 164 LIBANII
780 118 1039 164 LEGATIO
1072 118 1346 162 MENELAI
1709 119 1812 172 165

234 263 433 324 Inspexi
465 276 592 308 anno
629 261 785 308 1903.

231 336 390 394 Quam
405 338 600 398 gratam
615 338 782 382 autem
797 334 876 382 vel
888 349 1055 381 recens
1070 336 1207 381 aetas
1218 333 1509 381 Hellenismi
1522 332 1813 381 reviviscen-

122 414 187 461 tis
204 427 301 459 non
317 410 474 459 solum
485 409 697 456 Menelai
710 407 795 456 sed
813 410 961 455 etiam
972 407 1133 455 Ulixis
1146 408 1334 455 declam
1341 407 1556 455 ationem
1570 407 1813 467 habuerit,

123 486 414 534 documento
433 486 551 531 sunt
565 482 715 530 multi
732 482 922 530 codices
941 482 1137 530 saeculo
1148 481 1319 528 XVIII
1332 481 1504 543 scripti
1522 482 1609 543 qui
1624 484 1812 529 utram-

122 575 217 623 que
242 557 648 607 declamationem
674 556 819 604 modo
843 572 1029 604 meram
1057 555 1203 604 modo
1228 571 1336 603 cum
1369 556 1664 618 paraphrasi
1695 573 1813 604 neo-

123 647 299 697 graeca
330 631 475 680 modo
509 628 619 679 cum
640 631 993 678 commentario
1019 630 1261 678 exhibent.
1297 628 1449 677 Cuius
1473 631 1666 693 generis
1699 632 1814 678 sunt

187 731 190 734 ⁴
235 708 318 754 29.
352 706 431 753 Th
444 722 469 753 e
481 719 776 767 rapnaeus
808 704 957 752 codex
989 704 1278 751 monasterii
1293 703 1387 751 XL
1412 706 1695 752 sanctorum
1721 707 1787 751 52
1819 715 1901 755 179

123 776 296 847 (antea
330 772 424 846 60)
457 780 745 827 chartaceus
777 778 966 826 formae
999 780 1202 826 octavae
1242 778 1426 826 saeculi
1456 778 1627 825 XVIII
1658 778 1810 826 conti-

120 858 206 903 net
249 858 364 917 post
409 854 649 916 opuscula
696 852 921 916 Gregorii
968 852 1266 900 Nazianzeni
1277 890 1288 912 ,
1331 853 1542 900 Luciani
1553 888 1566 914 ,
1613 853 1812 900 Ioannis

122 929 463 991 Chrysostomi
473 966 484 988 ,
531 927 730 988 Basilii,
774 927 1011 975 Isocratis
1059 927 1122 973 ad
1166 927 1491 974 Demonicum
1501 965 1513 987 ,
1544 926 1811 987 Nicoclem,

122 1004 407 1066 Euagoram
437 1002 551 1049 inde
585 1018 614 1049 a
644 1002 764 1049 folio
801 1003 906 1048 224

227 1076 482 1141 Λιβανίου
514 1069 976 1141 ἀποκηρυττόμενον
1016 1068 1076 1135 (t.
1100 1075 1173 1122 IV
1203 1092 1250 1137 p.
1279 1076 1382 1123 639
1402 1068 1470 1141 R)
1505 1078 1554 1123 et
1585 1075 1670 1123 fol.
1707 1077 1734 1122 2
1744 1076 1772 1122 6
1782 1077 1808 1122 7

119 1147 550 1215 πρεσβευτικὸν
593 1148 737 1213 πρὸς
774 1151 970 1213 Τρῶας
1018 1145 1162 1213 ὑπὲρ
1210 1145 1448 1212 Ἑλένης
1496 1149 1812 1198 Μενελάου

123 1229 173 1273 et
202 1226 285 1273 fol.
322 1225 454 1272 282v
481 1218 767 1272 ’Ὀδυσσέω
780 1243 817 1282 ς.

232 1299 509 1361 Descripsit
539 1299 692 1347 Nicus
724 1298 782 1346 A.
809 1297 932 1345 Bees
965 1298 1015 1345 in
1047 1295 1314 1365 Καταλόγῳ
1348 1304 1444 1346 τῶν
1475 1296 1812 1363 χειρογράφων

118 1373 344 1422 κωὸίκων
382 1379 470 1436 τῆς
508 1371 561 1420 ἐν
599 1371 876 1436 Θεράπναις
916 1378 1074 1435 μονῆς
1112 1378 1210 1419 τῶν
1257 1370 1411 1437 ἀγίων
1455 1371 1813 1436 τεσσαράκοντα

118 1449 254 1510 typis
289 1447 522 1495 mandato
554 1447 606 1494 in
642 1448 946 1514 Φιλολογικῷ
971 1444 1209 1515 Συλλόγῳ
1242 1448 1522 1514 Παρνασσῷ
1560 1444 1621 1494 ἔτ.
1653 1443 1717 1509 η’,
1760 1443 1813 1494 ἐν

115 1517 356 1584 Ἀθήναις
392 1525 418 1569 1
428 1523 533 1570 904
566 1538 613 1583 p.
643 1524 669 1568 1
679 1522 764 1584 32,
795 1522 876 1568 cui
905 1520 994 1567 uni
1027 1520 1207 1569 codicis
1238 1520 1470 1568 notitiam
1504 1520 1670 1568 debe0.

232 1597 315 1644 30.
343 1595 378 1643 G
391 1611 419 1643 0
432 1595 1065 1657 nstantinopo‘litanus
1078 1588 1119 1661 ¹)
1146 1593 1194 1642 S.
1215 1594 1490 1656 Sepulcri
1518 1595 1586 1642 58
1613 1611 1785 1643 mona·
1815 1605 1898 1645 180

119 1671 258 1718 sterii
306 1671 591 1718 chartaceus
646 1670 832 1717 formae
888 1671 1093 1717 octavae
1146 1669 1348 1717 maioris
1403 1669 1589 1718 saeculi
1642 1668 1808 1716 XVIII

119 1745 463 1792 miscellaneus
495 1744 717 1792 continet
748 1744 884 1791 foliis
918 1745 1016 1792 201
1029 1744 1207 1790 —205

231 1819 637 1866 ΛΙΒΑΝΙΟΥ
656 1816 1097 1883 Πρεσβευτικὸς
1122 1815 1267 1883 πρὸς
1296 1816 1430 1875 τοὺς
1455 1824 1640 1882 τρῶας
1664 1813 1811 1879 ὑπὲρ

122 1899 223 1955 τῆς
255 1889 458 1954 ἕλε’νης
582 1890 891 1950 Μενέλαος

229 1967 429 2014 Folium
463 1968 566 2014 206
608 1980 777 2014 rursus
817 1965 995 2027 incipit
1033 1965 1202 2014 verbis
1239 1964 1382 2030 ἔργον
1421 1963 1611 2014 ἐκείνου
1621 2003 1635 2030 ,
1668 1964 1720 2014 τὸ
1760 1962 1811 2013 δὲ

118 2039 369 2104 βούλευμα
414 2038 584 2088 κοινὸν
627 2037 857 2088 ἁπάντων
896 2037 1141 2098 ἀποδείξει
1174 2033 1243 2104 (p.
1272 2042 1393 2099 202,
1416 2043 1440 2087 1
1452 2034 1506 2106 3)
1549 2042 1599 2087 et
1637 2039 1809 2088 folium

122 2115 151 2161 2
158 2116 255 2163 07ν
271 2114 454 2162 desinit
478 2111 838 2179 ὁμολογοῦντας
862 2112 989 2177 ἕχον,
1005 2110 1328 2178 ἀπηλλάχθης
1351 2113 1669 2179 πραγμάτων·
1703 2108 1806 2161 ἀλλ’

118 2183 257 2251 οἶμαι
289 2183 359 2250 (p.
387 2191 451 2236 21
464 2182 638 2254 1‚10).

234 2263 337 2311 208
386 2264 479 2310 inc.
526 2268 628 2310 τοῦ
675 2260 857 2310 αὑτοῦ
911 2261 1337 2327 πρεσβευτικὸς
1384 2258 1431 2326 β’
1475 2260 1622 2326 πρὸς
1676 2259 1811 2319 τοὺς

118 2343 228 2399 τρῶ
243 2356 307 2394 ας
340 2333 484 2400 ὑπὲρ
518 2343 618 2399 τῆς
650 2333 877 2399 ἓλένης,
910 2332 1197 2393 ὄδυσσεύς
1231 2351 1342 2383 cum
1373 2336 1670 2398 protheoria.
1715 2335 1808 2383 De-

119 2411 238 2458 sinit
269 2410 444 2458 folium
471 2412 500 2458 2
510 2414 534 2458 1
545 2411 599 2457 gr
619 2410 671 2457 in
704 2409 857 2457 verba
887 2416 973 2472 τῆς
1004 2407 1120 2473 μετὰ
1150 2416 1248 2457 τῶν
1279 2409 1524 2471 φιλτάτων
1557 2409 1810 2473 διατριβῆς

118 2482 433 2547 πεποιήμεθα
464 2480 612 2549 (256,
633 2487 657 2531 1
669 2478 739 2550 3).
802 2484 1013 2545 Reliqua
1043 2499 1158 2545 pars
1191 2484 1299 2532 folii
1330 2499 1489 2532 vacua
1521 2486 1607 2531 est.

229 2557 429 2619 Inspexi
460 2573 588 2606 anno
626 2559 781 2605 1896.

232 2633 315 2680 31.
346 2631 577 2680 Athous
611 2630 1066 2695 Παντελεήμονο
1080 2651 1103 2690 ς
1139 2633 1242 2679 543
1279 2631 1569 2679 chartaceus
1601 2632 1787 2679 formae
1815 2643 1896 2682 181

121 2709 325 2754 octavae
357 2707 542 2754 saeculi
572 2705 742 2753 XVIII
774 2707 996 2754 continet
1025 2706 1139 2753 inde
1173 2721 1202 2752 a
1233 2705 1421 2768 pagina
1455 2707 1483 2752 2
1493 2707 1518 2752 1
1529 2706 1558 2753 9

240 2819 280 2872 1)
312 2817 364 2860 In
390 2817 606 2874 catalogo
634 2816 929 2873 Papadopuli
954 2814 1358 2872 (Ἵεροσολυμιτικὴ
1377 2815 1674 2874 Βιβλιοθήκη
1695 2817 1728 2858 t.
1747 2815 1808 2857 IV

120 2876 522 2978 pbsezqglfissesggt
559 2875 648 2929 Qui
680 2875 729 2919 in
761 2876 849 2920 hoc
871 2890 916 2931 p.
945 2880 999 2919 79
1018 2890 1083 2932 sq.
1117 2875 1202 2919 sub
1235 2888 1428 2919 numero
1458 2879 1513 2918 58
1545 2876 1811 2918 recensetur
