2054 3192
585 149 812 194 LIBANH
842 148 1148 194 APOLOGIA
1181 150 1465 195 SOCRATIS
1762 152 1863 204 101

170 287 309 354 πρὸς
333 287 712 355 Χαιρεκράτην
738 284 829 339 καὶ
860 286 960 339 τὸν
992 286 1236 355 ἀδελφὸν
1262 284 1540 354 διεξῆλθες
1573 289 1627 340 τί
1649 286 1868 356 βέλτιον

172 368 252 428 ὧν
305 373 430 443 περὶ
490 378 672 444 φίλων
733 371 870 446 πρὸς
920 373 1302 444 Ἀντισθένην;
1376 375 1496 428 151.
1560 375 1698 429 ἀλλὰ
1759 378 1868 445 μὴν

172 463 475 516 Γλαύκωνά
514 484 570 517 τε
610 465 708 517 τὸν
739 460 1069 532 Ἀρίστωνος
1105 462 1194 516 καὶ
1227 465 1324 516 τὸν
1357 465 1689 527 Γλαύκωνος
1721 470 1867 533 Χαρ-

171 553 358 621 μίδην,
397 554 495 606 τὸν
534 550 636 621 μὲν
668 551 951 621 ἐπεγείρας
983 553 1321 622 δημηγορεῖν
1351 554 1643 621 ὀκνοῦντα,
1683 554 1782 607 τὸν
1814 551 1861 607 δ’

172 640 411 711 ἐπισχὼν
480 643 632 695 οὔπω
704 642 1021 711 δυνάμενον
1082 642 1344 711 ὠφελεῖν,
1414 641 1468 706 ἐξ
1539 641 1868 712 ἀμφοτέρων

173 731 377 783 εὔνουν
416 734 649 798 πολίτην
689 730 910 794 ἔδειξεν.
950 732 1153 798 ἤκουσε
1192 729 1284 784 καὶ
1324 735 1600 801 Περικλῆς
1640 731 1668 785 ὁ
1701 736 1869 801 Περι-

170 819 366 882 κλέους
405 828 517 872 τῶν
556 818 643 872 ἐπὶ
676 822 1011 889 στρατηγίαν
1040 821 1510 890 παρακαλούντων
1541 822 1739 888 λόγων.
1779 821 1870 874 καὶ

171 912 229 961 τί
265 909 353 961 δεῖ
382 906 514 962 καθ’
556 908 789 962 ἕκαστον
829 907 1172 978 ἑξαριθμεϊν;
1213 911 1264 961 εἰ
1293 909 1398 979 γὰρ
1431 908 1683 979 ἐθέλοιμι
1714 909 1869 963 καλέ-

173 1012 263 1050 σαι
319 1000 450 1060 τοὺς
498 996 625 1067 περὶ
682 998 1062 1066 δικαιοσύνης,
1116 1000 1247 1060 τοὺς
1299 996 1427 1068 περὶ
1484 999 1870 1068 σωφροσύνης,

170 1088 301 1149 τοὺς
337 1083 476 1156 ὑπὲρ
518 1086 772 1156 ἀνδρίας,
828 1089 959 1149 τοὺς
996 1084 1135 1156 ὑπὲρ
1182 1089 1510 1158 πρᾳότητος,
1566 1090 1695 1150 τοὺς
1742 1086 1868 1157 περὶ

171 1183 437 1245 μαντικῆς
474 1174 566 1228 καὶ
605 1186 716 1229 τῶν
748 1178 932 1229 ἄλλων
963 1174 1264 1244 ἀκηκοότας
1295 1175 1543 1245 ἀγαθῶν,
1583 1184 1766 1230 πᾶσαν
1801 1176 1872 1229 ἂν

172 1266 316 1333 πλὴν
354 1274 466 1318 τῶν
512 1266 730 1328 τούτοις
778 1265 1039 1318 ἐοικότων
1085 1267 1317 1334 καλοίην
1370 1267 1470 1334 τὴν
1524 1267 1714 1333 πόλιν,
1771 1266 1872 1334 οὐχ

174 1353 246 1417 ὡς
278 1352 404 1422 οὐχὶ
438 1352 530 1406 καὶ
563 1355 776 1407 τούτων
809 1354 1141 1423 ἀκηκοότων,
1174 1352 1317 1422 ἀλλ’,
1358 1351 1526 1423 οἶμαι,
1567 1355 1871 1418 ψεύσονται

171 1443 263 1495 καὶ
287 1442 620 1496 τούναντίον
645 1442 883 1509 ἐροῦσιν.
928 1442 1048 1495 152.
1074 1443 1141 1496 οὐ
1164 1444 1274 1512 μὴν
1297 1444 1456 1513 ὑμῶν
1480 1463 1560 1511 γε,
1586 1440 1627 1496 ὦ
1654 1445 1870 1512 ἄνδρες,

171 1531 408 1600 τάληθὲς
434 1532 618 1595 οὐδεὶς
644 1531 997 1601 ἐξαρνήσεται
1022 1528 1154 1585 οὐδὲ
1178 1533 1354 1585 πείσει
1378 1535 1870 1602 καταψηφίσασθαι

173 1621 534 1691 Σωκράτους,
574 1622 658 1674 ὅτι
702 1623 915 1689 Θησεὺς
960 1618 1064 1690 μὲν
1110 1618 1384 1693 συνῴκισε
1429 1622 1531 1690 τὴν
1576 1623 1742 1674 πόλιν
1781 1622 1870 1673 καὶ

175 1711 276 1778 τὴν
325 1709 501 1780 ἀρχὴν
546 1710 617 1779 ἣν
664 1706 809 1780 εἶχεν
852 1709 1053 1779 ἀφῆκε,
1109 1713 1309 1764 Σόλων
1363 1710 1424 1763 δὲ
1478 1711 1770 1779 Σαλαμῖνά
1815 1730 1871 1763 τε

176 1798 555 1867 προσηγάγετο
589 1797 679 1852 καὶ
711 1808 889 1869 χρεῶν
913 1798 1198 1862 ἀποκοπὰς
1230 1799 1547 1868 εῑσηγάγετο
1579 1800 1669 1852 καὶ
1702 1807 1873 1852 ταῦτα

295 1979 317 2017 1
351 1977 664 2030 Χαιρεφῶντα
786 1979 811 2018 2
843 1974 957 2019 Xen.
985 1988 1149 2019 comm.
1172 1974 1215 2018 II
1240 1979 1266 2018 5
1388 1979 1413 2018 3
1446 1974 1581 2032 Diog.
1606 1975 1655 2017 L.
1688 1974 1718 2017 1.
1745 1974 1775 2018 1.

177 2038 204 2075 4
235 2033 351 2078 Xen.
386 2047 549 2077 comm.
576 2033 639 2076 ΙΙΙ
673 2038 712 2077 7.
752 2033 887 2091 Diog.
921 2034 970 2078 L.
994 2034 1025 2078 1.
1051 2034 1081 2078 1.
1219 2039 1245 2078 5
1277 2031 1407 2077 Χοηῇ
1427 2048 1590 2078 comm.
1616 2033 1680 2077 ΙΠ
1712 2038 1736 2076 6

176 2097 201 2136 6
233 2092 348 2137 Xen.
376 2107 539 2136 comm.
565 2093 629 2136 III
654 2097 678 2136 5
802 2098 827 2137 9
852 2093 971 2138 Plat.
996 2093 1087 2151 leg.
1114 2093 1198 2137 XII
1220 2109 1265 2150 p.
1292 2098 1379 2138 964
1396 2094 1454 2148 B3
1486 2093 1660 2137 Phaed.
1689 2108 1734 2150 p.
1762 2097 1816 2136 69
1836 2093 1871 2135 Β

298 2157 351 2196 18
385 2152 505 2196 Plat.
536 2166 632 2209 rep.
666 2152 772 2196 VIII
803 2168 847 2209 p.
875 2157 959 2197 566
979 2154 1040 2207 A;
1073 2153 1164 2210 leg.
1189 2153 1252 2196 111
1282 2167 1327 2210 p.
1355 2156 1440 2196 684
1457 2152 1509 2196 E.
1541 2152 1662 2196 Plut.
1698 2151 1789 2196 Sol.
1817 2157 1871 2195 15

297 2321 319 2359 1
354 2315 634 2373 χαιρεκράτη
679 2316 842 2362 UVaB
873 2316 979 2374 Rog
1115 2320 1140 2359 3
1173 2332 1220 2360 τε
1252 2316 1334 2360 τὸν
1365 2316 1434 2360 Re
1494 2313 1576 2359 τόν
1607 2330 1655 2359 τε
1686 2314 1797 2358 libri

174 2375 258 2419 τὸν
290 2375 393 2418 Mor
458 2373 541 2419 τόν
571 2372 612 2418 τ’
650 2375 754 2432 Rog
782 2377 787 2431 Ι
815 2376 1062 2432 γλαύκωνα
1080 2377 1141 2432 (2)
1170 2377 1258 2420 Ma
1379 2380 1406 2418 4
1430 2372 1512 2418 τόν
1537 2371 1583 2420 δ’
1614 2376 1751 2419 ΜαΒ
1821 2380 1823 2382 ’

177 2439 202 2478 6
234 2433 476 2492 (ἑαυτὸν)
503 2433 672 2479 εὔνουν
703 2433 896 2491 πολίτην
930 2435 1103 2489 ἔδειξεν
1134 2435 1208 2478 vel
1240 2435 1406 2486 εὔνους
1436 2432 1626 2490 πολίτης
1657 2431 1722 2478 ὢν
1755 2433 1871 2478 ἔδει·

174 2493 252 2547 ξεν
276 2493 381 2536 coni
398 2492 556 2537 Gasda
676 2497 701 2536 8
727 2493 1022 2538 καθέκαστον
1048 2495 1137 2538 Μα
1165 2495 1170 2550 Ι
1199 2492 1406 2549 ἐθέλοιμι
1430 2493 1595 2549 scripsi
1686 2491 1871 2548 θέλοιμι

174 2551 285 2596 libri
302 2553 392 2596 edd
516 2556 571 2595 10
595 2551 794 2606 ἀνδρίας
817 2554 1003 2610 reposui
1027 2566 1051 2597 e
1076 2553 1211 2596 libris
1271 2551 1494 2608 ἀνδρείας
1517 2552 1608 2596 edd
1636 2554 1642 2608 1
1669 2550 1871 2608 πραότη-

175 2627 254 2662 τος
285 2613 331 2656 Β
355 2611 457 2655 Mor
578 2617 632 2656 12
656 2619 750 2657 τῶν
772 2613 898 2657 inser
925 2612 982 2656 C²
1103 2617 1158 2656 13
1190 2612 1413 2669 ψεύσεται
1436 2612 1539 2656 Mor
1563 2611 1645 2655 sed
1672 2611 1870 2667 ψεύσον-

175 2687 254 2714 ται
298 2671 402 2714 coni
525 2676 579 2714 15
621 2671 918 2726 ἐξαρτήσεται
965 2671 1130 2727 scripsi
1171 2674 1359 2715 auctore
1395 2670 1580 2715 Nabero
1629 2684 1733 2714 eum
1768 2670 1872 2726 R-og

179 2729 282 2774 coll.
307 2731 340 2773 t.
366 2729 386 2772 I
412 2734 512 2784 137,
530 2734 555 2773 9
619 2729 906 2785 ἐξαιρήσεται
928 2730 1038 2774 libri
1063 2730 1165 2774 Mor
1180 2731 1248 2774 Re
1372 2734 1426 2774 16
1458 2732 1566 2786 post
1589 2728 1872 2783 Σωκράτους

177 2789 400 2832 maiorem
431 2789 647 2833 lacunam
681 2789 849 2834 statuit
880 2790 1037 2834 Gasda
1070 2793 1076 2846 Ι
1118 2787 1188 2834 ὅτι
1219 2789 1385 2846 scripsi
1417 2803 1443 2834 e
1477 2789 1558 2834 CA
1590 2788 1671 2832 sed
1702 2788 1752 2831 in
1783 2788 1872 2831 hoc

177 2846 227 2890 in
257 2862 333 2891 ras
366 2853 392 2891 2
424 2847 504 2892 litt
580 2846 608 2904 ἢ
646 2849 885 2894 MaAthU
914 2849 995 2893 sed
1034 2849 1083 2892 in
1122 2849 1211 2892 hoc
1249 2848 1276 2905 ὴ
1318 2861 1441 2902 eras,
1476 2847 1545 2892 Va
1621 2847 1663 2891 εἰ
1693 2848 1739 2890 Β
1780 2847 1870 2890 edd

301 2911 352 2950 17
387 2907 542 2965 ἀφῆκε
565 2909 612 2952 Β
645 2908 727 2951 sed
751 2923 772 2952 ε
795 2908 845 2951 in
869 2922 944 2951 ras
969 2907 1037 2951 m²
1098 2909 1284 2965 ἀφῆκεν
1312 2910 1400 2952 Ma
1426 2910 1433 2963 Ι
1460 2906 1745 2963 κατηγάγετο
1771 2905 1873 2949 Mor

300 2970 355 3009 18
386 2967 466 3010 καὶ
491 2993 546 2999 -
572 2967 839 3024 εἰσηγάγετο
872 2981 945 3011 om
981 2969 1069 3012 Ma

1895 1110 1937 1142 10

1897 1554 1938 1586 15
