2026 3192
213 135 322 187 406
682 134 909 179 LIBANII
945 134 1333 180 DECLAMATIO
1366 136 1430 180 Vl

213 275 391 334 καλῶς
429 272 502 334 ὡς
541 272 645 341 ἄρα
686 273 809 340 δίκη
849 292 930 335 τις
969 277 1122 325 θεῶν
1153 271 1215 325 ἐν
1247 271 1451 341 ἀφανεῖ
1487 272 1706 342 κειμένη
1746 293 1902 326 κατο-

212 361 398 414 πτεύει
437 360 799 431 τάνθρώπινα
830 360 922 414 καὶ
953 363 1084 424 τοὺς
1115 365 1427 424 λυποῦντας
1458 361 1735 430 ἀμύνεται.
1769 362 1906 416 ὅθεν

212 448 302 502 καὶ
341 459 452 502 τῶν
498 452 715 503 πόλεων
762 443 848 513 αἶς
892 451 1127 518 μάλιστα
1174 451 1510 520 σωφροσύνη
1557 459 1774 520 τιμᾶται
1813 450 1904 505 καὶ

213 539 315 591 οὐκ
370 538 428 591 ἐν
475 540 651 610 ἡδονῇ
712 541 778 592 τὰ
833 543 1044 608 φαῦλα,
1105 540 1284 592 πάντα
1345 541 1483 609 πρὸς
1544 540 1905 608 εὐδαιμονίαν

167 648 186 680 5
213 636 399 697 χωρεῖ,
451 629 640 699 εἰρήνη
688 629 778 682 καὶ
824 637 925 698 γῆς
971 629 1207 699 εὐφοριά
1255 628 1346 682 καὶ
1392 629 1525 699 γε’νη
1569 629 1905 700 διωρισμένα

211 716 298 770 καὶ
355 718 571 771 παίδων
626 716 784 784 γοναὶ
841 726 905 789 τῇ
967 717 1091 787 παρ’
1156 717 1409 788 ἀλλήλων
1463 719 1692 790 διαδοχῇ
1747 718 1905 789 με’χρι

210 807 413 870 παντὸς
453 806 743 870 ἀκωλύτως
775 806 858 860 ἀεὶ
896 815 1210 877 προιοῦσαι,
1249 810 1477 876 πόλεμοι
1517 808 1579 862 δὲ
1616 806 1706 861 καὶ
1746 811 1905 862 νόσοι

211 897 393 949 κοιναὶ
439 896 529 949 καὶ
577 897 680 950 ὅσα
725 905 790 967 τῇ
837 906 949 950 τῶν
1002 896 1321 967 ἀνθρώπων
1368 898 1536 967 φύσει
1584 899 1904 967 λυμαίνεται

213 984 456 1048 ἐκείνους
496 987 630 1054 ε’χει,
671 991 728 1038 εἴ
766 1005 849 1049 τις
887 988 1044 1049 πόλις
1089 994 1153 1055 τῇ
1193 996 1306 1039 τῶν
1346 987 1712 1040 ἐνοικούντων
1753 986 1903 1039 ἀσελ-

145 1095 188 1126 10
211 1076 334 1158 γεία
365 1075 431 1127 τὰ
460 1083 572 1128 τῶν
603 1079 755 1157 θεῶν
785 1074 980 1144 τεμένη
1013 1076 1084 1144 μὴ
1117 1076 1352 1146 καθαρὰ
1372 1076 1637 1140 διασώζει.
1695 1074 1781 1128 55.
1812 1074 1904 1128 καὶ

209 1163 417 1230 μάρτυς
456 1163 489 1231 ἡ
538 1165 718 1232 Τροία.
759 1165 865 1233 πρὸ
905 1171 1000 1232 τῆς
1031 1161 1397 1234 Ἀλεξάνδρου
1437 1165 1683 1234 μοιχείας
1721 1165 1903 1218 εὐδαί-

209 1272 330 1319 μων
361 1251 451 1305 καὶ
484 1256 659 1320 πόλις,
699 1253 766 1306 οὐ
799 1261 924 1321 νῦν,
957 1258 1162 1323 οἴχεται
1194 1255 1297 1323 γὰρ
1330 1250 1484 1307 καὶῗ
1454 1274 1522 1323 ην
1553 1271 1684 1307 ποτε
1716 1261 1904 1322 ταῦτα,

210 1339 300 1394 καὶ
340 1343 626 1410 πρόσχημα
665 1349 761 1411 τῆς
792 1338 976 1404 Ἀσίας
1022 1344 1295 1413 πρότερον
1342 1339 1505 1411 οὖσα,
1555 1343 1740 1412 ἐπειδὴ
1781 1341 1905 1406 ἑνὸς

212 1429 414 1499 ἀνδρὸς
471 1429 787 1499 ἀπήλαυσεν
842 1431 1092 1500 ἀτοπίας,
1148 1432 1492 1500 ἀνήρπασται
1537 1440 1653 1495 τοῖς
1700 1433 1905 1495 δεινοῖς

333 1597 386 1635 13
419 1592 525 1636 Her.
551 1591 594 1634 V
618 1596 685 1635 28.
721 1592 913 1636 Aristid.
946 1592 1144 1637 Panath.
1175 1594 1209 1636 ²0.
1234 1593 1254 1635 Ι
1277 1608 1321 1650 p.
1351 1598 1449 1648 158,
1468 1598 1494 1637 8
1526 1593 1663 1637 Dind.

333 1745 387 1785 13
419 1739 721 1798 πρόσχημα
751 1741 803 1786 τὸ
836 1729 1155 1797 καλλῶπισμα,
1189 1742 1250 1792 ὡς
1282 1740 1492 1786 ἐνταῦθα
1523 1742 1604 1785 καὶ
1635 1739 1905 1799 Αριστείδης

213 1800 263 1845 ἐν
287 1804 349 1858 τῷ
373 1803 736 1873 Παναθηναικῷ
760 1800 818 1844 τὸ
852 1817 912 1857 τη
926 1818 948 1851 ς
972 1799 1243 1851 Ελλάδος
1267 1798 1687 1876 [εὐ]πρόσχημα
1719 1803 1902 1845 καθα-

213 1867 321 1934 ρῶς
352 1858 634 1934 ἀνῄρηται
666 1862 739 1916 (=
763 1861 796 1903 t.
822 1859 843 1902 I
872 1874 917 1916 p.
945 1865 1045 1914 187,
1064 1865 1089 1904 8
1124 1860 1293 1917 Dind..)
1342 1859 1519 1917 λέγεται
1549 1858 1791 1918 πρόσχημα
1822 1860 1903 1905 καὶ

213 1919 240 1976 ἡ
281 1917 516 1975 πρόφασις
544 1920 634 2035 >mxl
680 1919 731 1964 τὸ
775 1917 921 1964 οἱονεὶ
959 1918 1279 1977 προκάλυμμα.
1312 1921 1357 1964 Β
1397 1919 1472 1977 (cf.
1505 1919 1667 1964 Thom.
1699 1919 1760 1963 M.
1794 1934 1828 1964 s.
1861 1932 1902 1963 v.

212 1994 256 2035 p.
284 1982 540 2034 285,14sq.

335 2133 356 2169 1
382 2125 451 2178 τίς
468 2126 665 2172 HLaVi
692 2127 697 2182 Ι
726 2127 998 2171 κατοπτεύει
1022 2127 1187 2184 scripsi
1211 2141 1236 2171 e
1261 2127 1737 2172 VaLaBMViMaGl
1795 2143 1903 2172 κατ-

214 2189 402 2230 οπτεύοι
434 2187 537 2230 HV
564 2186 656 2230 edd
777 2192 801 2230 2
835 2187 1137 2242 τάνθρώπεια
1166 2187 1309 2231 MaOl
1369 2187 1652 2242 ἀνθρώπινα
1683 2186 1785 2230 Mor

215 2250 239 2288 3
272 2247 351 2289 καὶ
366 2247 427 2302 (1)
446 2272 500 2278 -—
522 2251 576 2289 10
602 2246 814 2313 διασώζει
846 2246 962 2290 citat
987 2246 1147 2290 Macar
1176 2246 1243 2290 fol
1268 2250 1348 2289 84
1375 2248 1381 2302 Ι
1410 2247 1459 2290 ἐν
1493 2249 1601 2290 ante
1633 2243 1709 2296 αἶς
1740 2243 1828 2302 (οἷς
1850 2246 1908 2288 H

225 2306 282 2360 V)
316 2305 494 2349 HVVa
521 2307 526 2362 Ι
556 2303 631 2355 αἶς
660 2305 709 2348 in
740 2318 815 2348 ras
847 2305 957 2349 Ma8
1077 2311 1104 2348 4
1136 2304 1322 2357 πάντως
1355 2306 1398 2349 V
1512 2311 1537 2348 5
1570 2312 1710 2364 χωρεῖ
1738 2305 1903 2361 scripsi

275 2363 362 2425 ὁρᾷ
395 2364 530 2421 (ὁρᾶν
558 2366 613 2409 Vi
645 2365 725 2407 sed
759 2363 845 2419 ὁρᾶ
879 2379 1094 2421 suprascr
1117 2364 1203 2419 m²)
1227 2364 1335 2407 libri
1368 2365 1526 2408 Macar
1557 2364 1647 2408 edd
1771 2369 1794 2407 7
1829 2364 1902 2408 ἀεὶ

214 2423 387 2466 inserui
418 2437 443 2467 e
474 2423 606 2467 libris
639 2423 797 2467 Macar
858 2438 933 2467 om
958 2424 1049 2466 edd
1077 2426 1082 2477 Ι
1110 2431 1386 2479 προσιοῦσαι
1410 2424 1635 2469 LaMaC'z
1661 2426 1666 2479 Ι
1693 2421 1903 2480 πολέμιοι

215 2483 273 2526 H
387 2487 413 2526 8
430 2499 484 2539 τη
487 2499 514 2526 ν
528 2484 575 2526 et
591 2483 732 2538 φύσιν
751 2484 808 2526 H
813 2483 928 2527 VVa
1051 2488 1101 2526 11
1129 2483 1156 2539 ἡ
1178 2483 1352 2527 inserui
1371 2497 1395 2527 e
1419 2483 1552 2526 libris
1571 2497 1676 2526 cum
1692 2482 1901 2526 Iacobsio

215 2541 320 2584 Add
333 2546 416 2586 326
480 2556 554 2586 om
572 2542 661 2585 edd
710 2544 935 2598 punctum
951 2544 1057 2598 post
1072 2541 1218 2597 Τροία
1235 2542 1370 2598 posui
1388 2543 1519 2595 exH,
1539 2555 1718 2586 comma
1734 2541 1901 2596 reliqui

214 2600 324 2644 libri
356 2600 446 2644 edd
485 2603 490 2658 Ι
524 2601 642 2655 πρὸς
675 2591 734 2645 Μ
763 2601 845 2644 sed
877 2618 900 2652 ς
931 2614 1048 2654 erae,
1081 2602 1147 2644 Re
1180 2602 1304 2656 quod
1337 2603 1631 2645 correxerunt
1660 2601 1823 2646 Iacobs
1855 2602 1902 2644 et

217 2659 420 2703 Sintenis
449 2663 454 2715 Ι
481 2667 563 2703 τοῦ
596 2662 703 2703 ante
736 2659 1020 2734 ἀλεξάνδρου
1050 2662 1094 2704 B
1218 2666 1270 2703 12
1304 2661 1388 2704 οὐκ
1421 2655 1480 2716 ἦν
1510 2660 1559 2703 in
1583 2673 1658 2703 ras
1686 2660 1795 2704 Ma⁸
1819 2660 1901 2704 sed

218 2735 269 2790 γρ
303 2719 357 2762 οὐ
390 2725 476 2762 νῦν
507 2719 556 2762 in
588 2733 721 2776 marg
751 2719 821 2761 m⁸
896 2714 953 2775 ἦν
985 2725 1071 2762 νῦν
1105 2720 1157 2764 ΟΖ
1183 2722 1189 2776 Ι
1232 2735 1282 2776 γε
1313 2721 1420 2776 post
1458 2725 1545 2764 νῦν
1582 2719 1707 2762 inser
1739 2720 1846 2763 Las
1892 2719 1896 2777 ξ

217 2776 303 2832 γὰρ
330 2777 504 2835 οἴχεται
532 2780 617 2821 Ma
650 2778 730 2822 sed
763 2779 811 2820 in
844 2777 1018 2850 οἴχεται
1043 2777 1129 2834 γὰρ
1157 2792 1258 2822 corr
1283 2778 1363 2829 m³
1399 2780 1452 2823 ΟΖ
1573 2782 1624 2821 13
1649 2775 1901 2836 πρόσχημα

221 2838 310 2880 Ma
342 2837 423 2879 sed
456 2851 507 2893 σχ
511 2853 538 2892 η
571 2837 620 2879 in
651 2851 725 2880 ras
749 2837 818 2879 m³
845 2839 850 2893 Ι
879 2836 930 2881 δὲ
962 2839 1069 2892 post
1101 2837 1259 2894 ἐπειδὴ
1284 2837 1462 2882 HVVa
1494 2837 1575 2881 sed
1606 2836 1655 2879 in
1686 2837 1774 2880 hoo
1798 2850 1900 2880 eras

277 2892 322 2939 δ’
350 2895 452 2939 Mor
482 2853 587 2939 χάοἰ
609 2895 676 2939 Re
798 2901 853 2940 14
885 2895 1151 2950 ἀπήλαυσεν
1178 2898 1221 2941 V
1239 2897 1319 2939 sed
1343 2913 1371 2940 v
1396 2896 1473 2940 del
1496 2895 1566 2939 m’
1627 2895 1900 2950 ἀπήλαυσαν

227 2955 296 2998 Va
357 2953 614 2998 ἀπέλαυσεν
649 2954 701 2999 CI
731 2954 786 2998 of.
820 2970 864 3011 p.
892 2958 991 3009 396,
1010 2960 1036 2998 4
