2026 3192
705 128 957 174 NEOCLIS
990 127 1215 172 ORATIO
1695 126 1803 177 475

227 267 312 319 34.
367 263 514 319 Ἀλλ’
577 264 748 319 εἰσὶν
810 267 872 318 οἳ
931 266 1185 318 παίδων
1246 266 1471 326 κακίας
1525 263 1805 332 εὐχερῶς

113 357 412 425 ἤνεγκαν.
453 356 518 409 οὐ
554 354 728 423 λέγεις
758 375 851 421 μοι
884 353 1135 423 πατέρας,
1169 348 1211 406 ὦ
1248 355 1648 421 Θεμιστόκλεις,
1681 350 1796 404 ἀλλ’

112 443 352 515 ἐχθροὺς
405 443 495 497 καὶ
550 445 847 513 πολεμίους
899 444 988 496 καὶ
1043 439 1122 496 ὧν
1177 441 1480 510 ἐγέννησαν
1534 440 1806 510 ὀλέθρους

113 532 201 586 καὶ
244 533 341 596 οὓς
380 532 486 602 ἐγὼ
526 535 701 602 φαίην
739 552 810 585 αν
840 526 982 585 εἶναι
1014 541 1126 585 τῶν
1158 530 1526 601 ἀνδροφόνων
1564 533 1806 598 κακίους,

115 623 212 685 οὓς
259 620 391 676 οὐδε
444 623 511 675 τὰ
565 623 750 675 δίκαια
803 628 899 690 τῆς
952 621 1173 690 φύσεως
1228 620 1501 707 ἠναγκασε
1544 619 1806 687 γενέσθαι

115 713 398 781 χρηστούς.
439 713 509 764 σὺ
549 708 652 780 μὲν
691 706 797 763 οὗν
836 708 946 780 φῂς
985 703 1129 762 εἷναί
1165 728 1321 771 τινας
1360 711 1418 761 οἳ
1452 707 1647 761 παισὶν
1688 706 1807 761 ἑπέ-

114 809 321 870 τρεψαν
358 800 387 852 ὅ
426 819 479 853 τι
518 800 817 868 βούλονται
850 800 1008 869 δραν,
1049 798 1203 868 εὕροι
1237 797 1288 851 δ’
1326 799 1393 850 ἄν
1432 817 1515 859 τις
1556 803 1686 860 ἴσως
1717 796 1806 850 καὶ

115 890 311 951 παιδὸς
349 888 555 957 πατέρα
599 890 955 957 προαγωγόν,
1005 890 1055 940 εἰ
1098 886 1190 940 καὶ
1237 889 1309 956 μὴ
1357 883 1480 955 παρ’
1528 885 1683 955 ἡμῖν,
1735 888 1806 955 μὴ

115 979 218 1048 γὰρ
260 983 342 1046 εἴη
390 998 472 1040 τις
518 985 768 1039 τοιοῦτος
805 976 1122 1045 Ἀθήνησιν,
1161 974 1279 1029 ἀλλ’
1328 974 1575 1046 ἑτέρωθι.
1639 974 1725 1028 35.
1756 979 1814 1028 τί

116 1063 240 1137 οὗν;
287 1068 434 1137 παρα
472 1074 636 1120 τοῦτο
682 1069 813 1129 τοὺς
858 1068 1139 1135 πονηροὺς
1185 1067 1558 1134 μιμησόμεθα;
1603 1085 1693 1117 και
1737 1067 1807 1117 σὺ

116 1175 217 1224 μεν
257 1155 358 1209 οὐκ
398 1155 594 1225 ἐμιμοῦ
634 1158 765 1218 τοὺς
805 1157 1021 1218 δειλοὺς
1064 1164 1177 1208 τῶν
1215 1164 1558 1224 στρατηγῶν,
1607 1150 1698 1220 ε’με
1748 1152 1808 1206 δὲ

115 1243 301 1314 ἠξίους
347 1247 476 1307 τοὺς
522 1247 726 1307 κακοὺς
770 1254 883 1297 τῶν
935 1244 1209 1314 πατέρων,
1263 1244 1354 1296 καὶ
1399 1244 1508 1312 μὴν
1554 1251 1671 1306 τοῖς
1708 1240 1810 1310 μὲν

116 1343 228 1387 τῶν
267 1333 368 1387 οὐκ
408 1330 469 1386 εὖ
510 1336 841 1402 πεφυκότων
879 1333 1113 1403 πατράσι
1153 1332 1257 1386 κᾶν
1291 1335 1560 1400 συγγνοίη
1593 1351 1676 1394 τις
1708 1332 1810 1385 οὐκ

118 1422 597 1493 ἀποκηρύττουσιν
636 1423 847 1475 εἰδόσιν
894 1423 967 1484 ὡς
1006 1421 1289 1491 ἀμήχανον
1335 1429 1666 1490 μεταστῆσαι
1709 1422 1811 1489 τὴν

116 1512 291 1580 φύσιν
330 1510 420 1564 καὶ
458 1519 685 1580 ποιῆσαι
723 1511 968 1580 μεγάλην
1015 1510 1074 1564 ἐκ
1119 1519 1335 1581 μικρᾶς·
1384 1510 1517 1580 ἡμῖν
1564 1509 1626 1563 δὲ
1671 1509 1809 1578 ὑπὲρ

115 1601 390 1669 μεγίστων
420 1595 507 1667 ἦν,
548 1597 589 1652 ὦ
627 1603 1026 1668 Θεμιστόκλεις,
1059 1600 1088 1653 ὁ
1122 1602 1286 1668 λόγος
1317 1608 1412 1669 τῆς
1444 1607 1543 1667 σῆς
1574 1599 1810 1668 φύσεως,

114 1689 148 1757 ἢ
188 1689 559 1755 μαντεύεσθαι
599 1699 857 1758 παρεῖχεν
897 1689 930 1742 ἃ
971 1690 1038 1758 δὴ
1079 1688 1367 1742 δέδεικται.
1408 1689 1617 1742 οὔκουν
1657 1688 1811 1751 ἄξιον

115 1772 185 1844 ἧν
225 1777 398 1846 αὐτὴν
444 1778 702 1846 παριδεῖν
748 1777 1136 1846 ἀπολλυμένην
1174 1776 1301 1847 παρ’
1350 1777 1491 1845 ἐμοί;
1549 1777 1635 1829 36.
1673 1778 1810 1830 πάν-

115 1886 221 1929 τως
268 1864 328 1919 δὲ
374 1865 464 1919 καὶ
511 1868 642 1929 τοὺς
688 1869 968 1936 γεωργοὺς
1014 1867 1145 1938 ὁρᾷς
1193 1867 1260 1920 οὐ
1307 1868 1406 1920 τὸν
1454 1867 1624 1919 αὐτὸν
1670 1866 1809 1934 ὑπὲρ

116 1954 329 2023 ἁπάσης
367 1964 466 2025 γῆς
504 1952 730 2025 ἔχοντας
769 1957 954 2024 λόγον,
999 1955 1136 2009 ἀλλὰ
1176 1963 1271 2024 τῆς
1309 1953 1411 2025 μὲν
1450 1960 1646 2023 λεπτῆς
1686 1954 1810 2022 ἀμε-

118 2049 370 2113 λοῦντας,
410 2046 512 2113 τὴν
551 2043 600 2097 δ’
648 2044 869 2114 ἀγαθὴν
903 2043 1351 2114 ἐκκαθαίροντας.
1391 2044 1541 2097 ἰ’σασι
1575 2044 1678 2112 γὰρ
1711 2045 1812 2112 τὴν

235 2181 262 2219 4
296 2173 356 2218 ἂν
381 2176 468 2233 ἐγὼ
494 2173 643 2232 φαίην
668 2178 704 2220 Ι
816 2180 842 2218 ὃ
875 2174 1150 2232 ἠνάγκασαν
1179 2177 1215 2221 C
1333 2180 1358 2218 6
1386 2175 1478 2231 φὴς
1501 2174 1611 2218 libri
1636 2174 1728 2219 edd
1754 2174 1809 2218 cf.

118 2235 177 2278 ad
201 2250 247 2291 p.
266 2239 336 2290 33,
357 2239 380 2277 7
502 2238 528 2277 8
553 2234 732 2290 πατέρα
757 2249 831 2278 om
856 2236 901 2278 B
930 2235 936 2292 Ι
964 2235 1075 2292 ἡμῖν
1098 2235 1285 2292 reposui
1314 2249 1338 2278 e
1362 2234 1510 2288 libris,
1534 2235 1588 2277 ut
1613 2233 1718 2279 coni
1743 2233 1811 2277 Re

177 2293 305 2349 ἡμῶν
331 2294 422 2337 edd
545 2299 569 2337 9
598 2291 668 2345 τίς
694 2295 754 2339 Cr
813 2294 883 2345 τὶς
899 2295 1039 2339 ILau
1066 2297 1071 2350 Ι
1099 2301 1307 2344 τοιοῦτος
1333 2308 1408 2337 om
1427 2295 1516 2338 Μα
1638 2297 1692 2336 10
1719 2293 1810 2350 sig-

117 2368 228 2396 num
252 2352 634 2411 interrogationis
659 2367 736 2396 om
762 2354 936 2398 OILau
996 2356 1222 2410 punctum
1250 2356 1338 2398 Ma
1364 2355 1371 2408 Ι
1397 2360 1534 2396 τοῦτο
1559 2352 1684 2396 inser
1702 2352 1813 2396 Ma⁴

122 2412 129 2470 ι
155 2412 423 2468 μιμούμεθα
451 2413 488 2457 0
602 2417 660 2455 12
693 2413 874 2463 δειλοὺς
898 2414 931 2456 Ι
953 2415 1016 2469 Ιμ
1020 2415 1167 2469 ηΜα
1289 2416 1344 2456 13
1375 2419 1468 2456 τῶν
1500 2426 1574 2456 om
1601 2414 1636 2456 I
1687 2412 1814 2455 inser

119 2471 232 2516 Ma'
259 2474 265 2526 Ι
292 2469 384 2515 κᾶν
405 2470 582 2516 inserui
614 2484 639 2515 e
663 2471 699 2516 C
757 2472 838 2515 καὶ
866 2472 953 2516 Μα
1015 2485 1091 2515 om
1121 2472 1293 2527 reliqui
1325 2471 1435 2514 libri
1460 2471 1552 2514 edd
1579 2471 1585 2529 Ι
1614 2469 1674 2515 ἂν
1706 2472 1813 2526 post

117 2547 187 2581 τις
205 2533 293 2575 Μα
416 2536 470 2574 14
492 2530 684 2574 vocibus
710 2528 884 2575 εἰδόσιν
910 2531 970 2582 ὡς
987 2531 1160 2575 desinit
1178 2531 1238 2575 Cr
1260 2530 1327 2574 fol
1348 2536 1420 2574 15¹⁹
1481 2544 1600 2587 quae
1624 2531 1674 2573 in
1697 2529 1811 2573 folio

121 2595 201 2633 15V
225 2591 410 2634 exstant
441 2603 572 2633 erasa
604 2591 713 2633 sunt
743 2591 797 2632 ut
828 2589 997 2645 dispici
1021 2591 1118 2633 iam
1141 2604 1233 2634 non
1259 2592 1435 2645 queant
1572 2594 1624 2633 17
1660 2590 1718 2646 δὴ
1742 2589 1812 2631 in-

120 2649 243 2692 serui
268 2662 291 2692 e
311 2649 588 2693 MaBILau
650 2662 725 2692 om
745 2649 824 2693 OL
850 2649 940 2692 edd
969 2652 975 2706 Ι
1003 2647 1221 2693 δέδοκται
1240 2650 1283 2693 L
1308 2649 1390 2693 sed.
1415 2666 1439 2694 ο
1464 2649 1513 2692 in
1539 2665 1579 2693 ει
1604 2662 1706 2693 corr
1728 2648 1811 2701 m²‚

120 2707 258 2752 ILau
380 2705 491 2752 18
467 2724 526 2763 ην
551 2707 698 2764 αὐτὴν
725 2707 762 2752 O
819 2706 847 2763 ἢ
873 2709 1049 2765 ναύτην
1075 2709 1259 2752 LILau
1286 2711 1291 2765 Ι
1320 2706 1349 2764 ἢ
1382 2715 1502 2752 ναῦν
1526 2709 1633 2763 post
1664 2706 1812 2763 αὐτὴν

118 2765 228 2810 libri
246 2766 336 2810 edd
398 2766 549 2810 delevi
566 2769 753 2810 auctore
769 2766 980 2811 Iacobsio
1005 2767 1118 2810 Lect
1137 2772 1218 2810 117
1246 2769 1298 2811 ut
1322 2769 1424 2811 orta
1449 2781 1473 2810 e
1490 2766 1814 2824 dittographia

122 2825 319 2869 duarum
348 2839 515 2870 vocum
550 2825 924 2869 antecedentium
986 2819 1014 2884 ᾗ
1049 2833 1170 2869 ναῦν
1203 2829 1297 2883 (ceu
1327 2826 1575 2882 tamquam)
1610 2826 1713 2870 coni
1746 2825 1813 2867 Re

120 2883 227 2986 {115⁹
189 2884 266 2941 μοὶ
290 2898 356 2986 ἐξ
387 2886 498 2941 ἐμοῦ
532 2898 633 2929 corr
655 2885 764 2956 Lau
803 2886 809 2941 Ι
853 2885 1036 2942 signum
1069 2885 1448 2943 interrogationis
1480 2884 1615 2941 posui
1679 2884 1813 2928 colon

190 2943 230 2986 ri
262 2958 287 2988 e

1833 1082 1876 1115 10

1835 1527 1877 1560 15

1836 1971 1878 2003 80
