2026 3192
236 122 344 175 302
718 123 946 166 L1BANH
977 122 1367 168 DECLAMATIO
1400 123 1441 167 V

235 263 484 325 laudavit,
522 263 820 312 Macarius
870 256 1445 329 Chrysocephalusl)
1495 266 1627 324 octo,
1675 264 1927 312 Thomas

236 337 528 402 Magister
559 338 648 399 qui
680 353 833 399 aeque
865 339 1017 399 atque
1040 337 1289 385 Macarius
1314 337 1530 386 codicem
1555 338 1759 386 alterius
1783 337 1927 384 fami-

235 411 335 459 liae
367 411 606 473 adhibuit,
640 414 851 474 septem,
890 410 1158 460 Andreas
1196 411 1538 473 Lopadiota
1576 413 1751 460 auctor
1778 411 1927 461 lexici

235 485 631 534 Vindobonensis
664 487 751 548 qui
782 485 948 533 codice
980 487 1173 548 generis
1212 485 1357 532 mixti
1395 500 1511 534 usus
1545 489 1641 546 est,
1675 485 1927 546 tredecim,

235 562 409 607 auctor
437 560 619 607 lexici
642 553 1209 624 Darmstadiensis2)
1237 562 1287 607 et
1309 559 1598 608 Maximus
1623 559 1925 611 Planudes

234 649 353 682 usus
385 634 471 682 ille
505 633 707 695 quidem
738 633 901 681 codice
935 636 985 681 et
1014 633 1122 695 ipso
1151 634 1357 681 alterius
1389 634 1610 682 familiae
1641 635 1695 681 in
1727 634 1926 683 scholiis

234 707 499 756 Aristideis
510 701 555 774 3)
587 707 822 771 singulos.

346 782 655 829 Declamatio
686 782 737 828 in
777 781 936 829 lucem
975 784 1233 843 protracta
1275 784 1350 830 est
1389 797 1517 829 anno
1553 782 1692 830 1606
1733 797 1762 828 a
1793 780 1925 830 Fed.

235 856 488 904 Morello
527 855 698 903 Liban.
734 871 845 918 opp.
877 858 912 903 t.
936 855 964 903 I
993 872 1040 917 p.
1069 856 1358 904 228—256
1394 871 1419 902 e
1452 855 1639 915 codice,
1678 858 1736 903 ut
1773 870 1925 918 supra

235 929 351 991 dixi,
369 945 481 977 cum
509 929 616 978 Gan
639 932 867 993 cognato,
886 930 971 977 sed
993 929 1183 978 mendis
1209 923 1496 996 scatente4).
1531 929 1747 987 Quorum
1763 944 1923 991 pauca

232 1003 294 1051 ab
335 1004 522 1052 editore
558 1020 651 1066 ope
690 1005 816 1052 alius
855 1004 1038 1051 codicis
1069 1004 1122 1050 in
1153 1004 1375 1067 margine
1406 1006 1527 1052 nota
1555 1022 1615 1068 γρ
1646 1003 1855 1051 indicati
1865 995 1926 1069 ⁵),

231 1078 479 1140 permulta
516 1094 633 1126 vero
674 1094 703 1125 a
742 1078 986 1126 Reiskio
1025 1080 1060 1125 t.
1092 1077 1166 1125 IV
1204 1094 1250 1140 p.
1283 1078 1501 1126 47-80
1541 1093 1653 1125 cum
1693 1093 1717 1123 e
1757 1076 1924 1126 codice

232 1151 692 1200 Wolfenbuttelano
724 1145 819 1218 (=
855 1144 1042 1214 Wolf),
1083 1168 1384 1214 quamquam
1415 1152 1457 1199 is
1492 1151 1623 1199 inter
1658 1152 1715 1198 Vi
1746 1153 1795 1199 et
1826 1152 1922 1199 Ma

234 1229 369 1274 stans
400 1242 585 1288 parvae
618 1226 880 1290 dignitatis
912 1229 1000 1287 est,
1033 1227 1094 1274 ab
1125 1226 1233 1288 ipso
1268 1226 1488 1274 adhibito
1518 1229 1629 1273 tum
1652 1225 1924 1274 divinando

231 1300 429 1349 sublata
460 1302 589 1349 sunt.

343 1375 599 1422 Nonnulla
630 1375 842 1422 correxit
870 1375 958 1422 Fr.
990 1373 1168 1423 Iacob
1180 1374 1302 1422 sius
1334 1374 1387 1420 in
1417 1373 1785 1421 Additamentis
1818 1375 1922 1425 anie

232 1448 632 1496 madversionum
684 1448 738 1495 in
789 1448 1037 1496 Athenaei
1090 1447 1518 1510 deipnosophistas
1574 1447 1722 1495 Ienae
1779 1449 1919 1512 1809

231 1522 378 1570 editis
404 1515 484 1589 (=
508 1515 647 1589 Add)
673 1525 723 1571 et
751 1524 805 1570 in
831 1518 1185 1571 ‘Lectionibus'
1211 1537 1378 1570 mense
1404 1519 1609 1570 Octobri
1633 1522 1747 1568 anni
1778 1522 1918 1571 1813

230 1596 521 1658 conscriptis
547 1590 628 1663 (=
645 1595 786 1657 Lect)
797 1590 854 1663 ⁶).
895 1596 1061 1644 Unum
1085 1597 1249 1644 locum
1274 1595 1556 1643 emendavit
1581 1588 1921 1661 Sintenis.⁷)

351 1754 393 1808 1)
425 1751 492 1796 cf.
525 1754 558 1796 t.
583 1753 605 1796 Ι
634 1768 679 1809 p.
706 1757 791 1796 351
811 1767 877 1808 sq.

349 1815 392 1868 2)
426 1810 492 1856 Cf.
525 1811 626 1855 t.11
656 1827 700 1868 p.
729 1816 827 1855 118.

348 1874 393 1928 3)
426 1869 492 1915 Cf.
524 1885 570 1927 p.
601 1875 701 1926 340,
719 1875 759 1915 e.

347 1932 390 1987 4)
422 1929 623 1973 Videtur
651 1929 691 1972 is
722 1929 867 1974 fuisse
899 1931 1043 1974 codex
1075 1930 1312 1974 Parisinus
1346 1945 1412 1988 gr.
1439 1933 1566 1973 2988.
1606 1928 1672 1973 cf.
1698 1943 1741 1984 p.
1763 1931 1846 1971 198
1872 1928 1920 1970 et

230 1993 313 2032 227
347 1991 396 2033 et
427 1993 512 2032 288
528 2005 572 2032 n.
602 1993 670 2033 lO.

347 2050 390 2104 5)
421 2048 622 2093 Videtur
652 2048 692 2091 is
724 2047 868 2092 fuisse
901 2049 1045 2092 codex
1067 2048 1306 2092 Parisinus
1332 2062 1399 2106 gr.
1418 2052 1546 2091 3014.
1589 2046 1655 2091 Cf.
1687 2061 1732 2103 p.
1760 2048 1843 2089 198
1870 2046 1920 2088 et

228 2112 313 2151 227
345 2108 393 2151 et
423 2110 455 2151 t.
481 2106 525 2151 Π
554 2123 600 2164 p.
626 2112 711 2152 379
745 2108 793 2151 et
824 2112 923 2151 380.

348 2169 391 2223 6)
424 2165 491 2210 Cf.
523 2168 557 2210 t.
582 2166 604 2210 1
635 2182 679 2223 p.
708 2172 761 2210 77
795 2169 843 2211 et
872 2169 905 2210 t.
930 2166 991 2210 IV
1024 2182 1069 2223 p.
1097 2171 1165 2210 53.

349 2229 391 2282 7)
424 2225 490 2269 Cf.
524 2227 556 2269 t.
583 2225 604 2269 I
633 2241 677 2282 p.
707 2230 773 2269 78.
