2054 3192
604 130 682 174 DE
716 129 1002 175 SOCRATIS
1035 128 1311 173 SILENTIO
1691 130 1797 181 143

107 278 275 336 σοφεῐ
331 270 428 320 καί
486 280 659 335 φησιν
721 265 823 319 οὐκ
886 265 1306 335 ἀποδράσεσθαι
1368 266 1602 337 τούτους
1670 268 1801 328 τοὺς

107 358 376 418 δεσπότας
415 353 536 409 οὐδ’
581 357 807 408 ε”σεσθαι
846 353 1094 424 μέτοικος
1133 353 1443 424 Μεγαρέων
1474 355 1507 424 ἢ
1538 357 1802 408 Βοιωτῶν

107 442 241 499 οὐδὲ
288 443 441 508 ξένος
489 446 966 512 Πελοποννησίων
1011 442 1045 511 ἢ
1088 446 1401 510 Θετταλῶν,
1453 442 1568 497 ἀλλ’
1629 443 1801 496 αὐτοῦ

106 542 296 604 μενεῖν
333 532 424 586 καὶ
463 533 755 585 πείσεσθαι
795 533 856 586 τὸ
898 533 1106 585 δοκοῦν
1135 530 1460 600 Ἀθηναίοις.

219 623 307 676 33.
351 616 414 675 Ὦ
462 622 804 690 νομιμώτατε
850 622 1144 691 Σώκρατες
1188 619 1279 674 καὶ
1335 624 1802 690 φιλαθηναιότατε
1850 642 1868 674 5

109 713 204 766 διὰ
241 710 432 774 τέλους
469 710 694 764 πάντων
727 706 807 764 ὧν
839 706 965 764 οἶδα
996 708 1122 778 ἐγώ,
1154 708 1286 763 οὐδὲ
1318 717 1426 763 νῦν
1458 710 1512 774 ἐξ
1545 709 1803 778 Ἀθηνῶν

108 802 458 870 ἀποδημῆσαι
494 799 694 862 θέλεις.
772 798 911 852 ἀλλὰ
950 797 1040 851 καὶ
1079 800 1353 868 μουσικὴν
1397 799 1674 868 ἐργάζεται
1712 801 1803 852 καὶ

108 900 260 944 ποιεῖ
292 889 384 943 καὶ
422 887 804 958 κεκλεισμένος
841 890 972 950 τοὺς
1010 891 1182 950 θεοὺς
1226 887 1395 954 ὑμνεῖ
1435 889 1524 941 καὶ
1571 895 1680 941 νῦν
1726 890 1805 951 εἰς

108 980 206 1033 τὸν
238 977 485 1032 Ἀπόλλω
524 978 799 1046 ποιήματα
845 976 981 1048 ᾄδει.
1037 982 1311 1031 τελευτῶν
1360 978 1466 1046 γὰρ
1504 978 1806 1047 Σωκράτης

109 1068 201 1121 καὶ
253 1069 483 1135 ποιητὴς
537 1065 769 1134 ἐγένετο.
845 1068 916 1119 σὺ
973 1066 1034 1119 δὲ
1095 1066 1185 1119 καὶ
1246 1067 1314 1139 τὰ
1373 1066 1504 1131 πεζὰ
1565 1067 1808 1130 κελεύεις
1832 1088 1874 1119 ιο

110 1165 325 1210 σιωπᾶν
357 1156 676 1226 Σωκράτην.
754 1155 840 1208 34.
880 1154 1104 1208 ἐναντία
1135 1163 1306 1208 ταῦτα
1341 1158 1348 1220 Ι
1384 1155 1596 1209 ε’πιτάτ-
1627 1161 1730 1204 Mor
1745 1176 1790 1217 p.
1809 1164 1894 1204 252

110 1266 222 1309 τεις
259 1253 334 1317 τῷ
373 1250 501 1317 θεῷ.
568 1241 610 1297 ὦ
636 1243 929 1314 ’Ἁπολλον,
970 1247 1040 1298 σὺ
1080 1242 1182 1314 μὲν
1219 1231 1463 1314 κατέχεις
1500 1243 1808 1314 ἐξεπίτηδες

110 1336 211 1404 τὴν
266 1337 484 1403 Δηλίαν
540 1334 750 1403 ὅμηρον
802 1341 904 1387 τοῦ
959 1332 1298 1403 Σωκράτους
1352 1337 1443 1387 καὶ
1495 1334 1597 1402 τὴν
1653 1335 1807 1401 ἱερὰν

110 1431 255 1477 ναῦν
309 1423 375 1476 οὐ
430 1422 659 1492 πέμπεις
705 1421 1026 1491 Ἀθηναίοις
1087 1427 1312 1485 πλειόυς
1364 1433 1543 1476 ποιῶν
1597 1430 1672 1494 τῷ
1727 1431 1805 1495 σῷ

110 1513 415 1580 θεράποντι
470 1513 565 1574 τὰς
618 1513 923 1580 βιωσίμους
983 1511 1187 1581 ἡμέρας
1247 1510 1335 1565 καὶ
1398 1513 1465 1565 τὰ
1525 1514 1809 1581 πνεύματα
1835 1535 1877 1566 15

111 1602 353 1664 κελεύεις
393 1599 478 1654 ἐπ’
526 1597 759 1669 Ἀθήνας
797 1602 868 1670 μὴ
910 1599 1127 1671 φέρειν,
1166 1601 1259 1654 ἵνα
1297 1603 1608 1671 μακρότερα
1649 1606 1807 1671 φιλο-

114 1699 261 1761 σοφῇ
303 1691 623 1759 Σωκράτης’
678 1685 831 1743 οὗτοι
873 1687 920 1742 δ’
968 1689 1242 1758 ἀνόνητον
1286 1698 1510 1744 ποιοῦσι
1556 1692 1658 1759 τὴν
1705 1692 1809 1759 σὴν

111 1781 287 1850 χάριν.

225 1867 311 1921 35.
359 1869 456 1936 Μὴ
490 1869 789 1936 λαλείτω,
829 1870 992 1936 φησί,
1022 1864 1163 1936 μηδ’
1203 1870 1262 1921 εί
1298 1867 1613 1935 ἀκροαταὶ
1652 1868 1808 1938 πάρ-

114 1973 244 2010 εισι
290 1954 450 2027 μηδὲ
497 1958 558 2010 εἰ
606 1964 801 2010 τοῦτο
856 1957 1142 2027 αἱρεῖται
1196 1958 1564 2026 Σωκράτης.
1648 1956 1811 2025 ἡνίκα
1835 1979 1878 2011 20

115 2043 176 2099 δὲ
217 2045 402 2114 ἀλγῶν
440 2045 547 2099 ἀπὸ
579 2053 680 2099 τοῦ
712 2046 918 2116 δεσμοῦ
954 2046 961 2115 Ι
995 2047 1056 2099 τὸ
1091 2045 1282 2110 σκέλος
1313 2046 1602 2109 ἀνατείνας
1632 2050 1793 2108 Morp.
1813 2056 1899 2095 254

114 2134 471 2201 ἀναπαύεται,
508 2131 648 2202 μηδὲ
686 2133 811 2203 περὶ
850 2135 1054 2188 τούτου
1094 2133 1248 2205 λέγῃς
1287 2131 1424 2204 μηδὲ
1455 2133 1581 2204 περὶ
1615 2148 1809 2203 συγγε-

238 2286 261 2323 1
295 2279 414 2325 Plat.
441 2293 500 2337 ep
505 2283 565 2323 ,8
548 2296 634 2396 pp
662 2279 801 2324 354E
925 2285 951 2324 3
983 2280 1102 2324 Plat.
1133 2279 1241 2325 Crit.
1268 2296 1313 2337 p.
1340 2284 1396 2324 53
1414 2281 1450 2323 Β
1469 2295 1559 2335 sq.;
1584 2285 1641 2324 45
1660 2279 1693 2324 C

119 2344 142 2383 7
187 2339 309 2383 Plat.
340 2339 515 2383 Phaed.
628 2344 682 2383 60
700 2339 756 2384 D.
815 2339 903 2384 Dio
945 2339 1047 2384 Chr.
1090 2354 1152 2385 or.
1186 2344 1244 2384 43
1283 2343 1316 2384 t.
1342 2340 1384 2384 ΙΙ
1426 2354 1471 2396 p.
1505 2344 1591 2383 580
1607 2339 1650 2383 R

116 2402 144 2442 8
163 2398 287 2443 Socr.
304 2398 359 2442 fr
379 2403 404 2442 2
430 2399 556 2443 Poet.
548 2354 658 2454 plyr.
676 2398 731 2443 fr.
751 2399 821 2443 ed.
840 2399 996 2457 Bergk
1012 2399 1055 2442 H
1070 2414 1117 2456 p.
1135 2399 1246 2443 287⁴
1354 2404 1407 2442 13
1427 2399 1476 2442 of
1495 2414 1540 2455 p.
1561 2403 1659 2453 119,
1678 2402 1703 2441 9
1723 2413 1813 2455 sq.;

120 2462 220 2512 146,
241 2462 308 2501 10.
343 2457 460 2502 Plat.
493 2457 666 2502 Phaed.
698 2473 743 2515 p.
770 2462 826 2503 58
852 2459 893 2501 A
919 2473 987 2514 sq.
1112 2464 1167 2503 15
1198 2458 1305 2502 Eur.
1331 2458 1428 2502 Alo.
1456 2461 1542 2501 650
1663 2462 1718 2501 21
1745 2471 1812 2512 sq.

117 2516 237 2560 Plat.
256 2516 428 2561 Phaed.
453 2532 498 2573 p.
517 2521 573 2560 60
590 2517 627 2560 Β
645 2531 712 2572 sq.

240 2656 267 2693 4
298 2657 453 2706 μενεῖν
478 2650 644 2706 scripsi
669 2652 726 2694 ut
749 2651 855 2695 coni
878 2650 981 2695 Mor
1041 2648 1198 2707 μένειν
1221 2650 1333 2694 libri
1357 2650 1459 2695 Mor
1579 2655 1606 2694 8
1634 2651 1713 2694 καὶ
1738 2663 1814 2693 om

122 2709 211 2754 Ma
238 2712 244 2765 Ι
272 2707 624 2765 κεκελευσμένος
640 2711 727 2755 Ma
749 2710 832 2754 sed
857 2727 878 2755 ε
894 2712 942 2754 et
959 2713 1006 2755 ελ
1029 2710 1078 2754 in
1103 2725 1176 2754 ras
1197 2709 1268 2753 m¹
1294 2712 1300 2766 Ι
1328 2710 1408 2754 καὶ
1426 2710 1536 2754 ante
1552 2709 1660 2760 τοὺς
1678 2709 1814 2753 ΜαΒ

243 2773 267 2811 9
291 2767 530 2824 ποιήματα
551 2768 600 2812 in
626 2768 700 2812 lac
726 2773 749 2813 7
774 2768 856 2812 list
879 2783 956 2814 om
981 2769 1026 2813 B
1087 2776 1245 2814 πᾶσαν
1265 2770 1352 2814 Μα
1475 2773 1530 2812 15
1553 2767 1813 2824 θεράποντι

123 2827 213 2871 Μα
244 2827 326 2871 sed
350 2842 399 2882 ερ
424 2827 474 2871 in
495 2842 570 2871 ras
593 2827 663 2870 m²
785 2833 837 2872 17
873 2826 1076 2884 ἀνόητον
1100 2830 1146 2873 Β
1269 2832 1323 2872 19
1356 2827 1398 2872 εἰ
1427 2827 1604 2872 inserui
1628 2841 1653 2871 e
1681 2826 1814 2871 libris

181 2899 259 2930 om
278 2886 381 2930 Mor
500 2891 556 2931 20
571 2885 741 2943 τηνίκα
757 2887 808 2931 δὲ
827 2889 916 2932 Ma
976 2887 1198 2943 τηνικάδε
1215 2888 1260 2931 Β
1382 2891 1436 2931 21
1457 2884 1708 2937 ἀποτείνας
1726 2887 1813 2929 Μα

214 2949 268 2987 22
300 2944 362 3002 μὴ
394 2946 445 2989 δὲ
463 2947 504 3002 (1
528 2947 579 2990 et
602 2949 645 3001 2)
678 2947 724 2990 Β
764 2949 771 3000 ί
813 2946 980 2991 τούτου
1012 2946 1177 3003 scripsi
1210 2959 1235 2990 e
1267 2945 1402 2990 MaB
1462 2953 1598 2991 τοῦτο
1625 2947 1682 2990 Μ
1714 2945 1816 2988 Mor
