2026 3192
714 155 967 200 NEOCLIS
1001 155 1226 200 ORATIO
1705 157 1776 209 48
1786 158 1811 209 l

42 297 58 316 ⁹
117 303 228 347 τῶν
267 292 654 361 πρεσβυτέρων
686 293 822 360 πρὸς
852 292 953 344 τὸν
968 295 1242 361 ·πλησιόν;
1283 292 1438 363 ὁρᾷς
1475 294 1589 346 τὸν
1627 293 1814 361 ὑβρι-

117 385 297 451 στήνς
352 381 506 452 ὁρᾷς
542 382 672 450 Ιτὴν
717 381 1201 450 ὑπερηφανίαν;
1254 380 1493 449 ἐπῆρεν
1541 381 1743 434 αὐτὸν
1781 381 1813 449 ἡ

119 473 423 539 Σαλαμίς.
481 470 843 538 ἐξώγκωται
892 476 962 539 τῇ
1010 470 1172 539 νίκῃ.
1227 470 1341 522 τὸν
1386 469 1629 538 πατέρα
1678 471 1816 522 δια-

104 561 319 613 ·πτύει.
360 567 473 612 τοῦ
514 558 749 627 γένους
782 558 1207 628 ὑπερφρονεῖ.
1247 567 1370 611 νῦν
1401 556 1515 625 μὲν
1547 558 1576 611 ὁ
1608 560 1815 628 πατὴρ

116 649 286 721 αὐτῷ
336 651 595 716 φαῦλόν
641 668 700 700 τι
749 651 1077 717 φαίνεται,
1133 649 1371 716 μικρὸν
1417 645 1485 700 δὲ
1531 648 1813 716 ὕστερον
1863 670 1883 701 5

115 736 238 806 ἐγὼ
301 736 406 790 καὶ
469 739 547 790 σὺ
611 738 671 790 οἱ
734 739 1054 806 γείτονες,
1118 730 1227 789 εἶτ’
1282 738 1470 790 ἄλλοι
1532 739 1811 800 πλείους.

116 827 350 890 τούτους
388 828 459 895 μὴ
507 829 740 896 ποιήσῃς
785 826 921 878 κατὰ
968 833 1071 878 σοῦ
1119 826 1383 893 γενέσθαι
1430 827 1560 889 τοὺς
1600 829 1814 894 λόγους.

113 916 201 968 46.
257 914 398 983 ἀλλ’,
455 915 483 967 ὃ
539 915 690 968 δοκεῖ
719 916 1122 987 σπανιώτατον
1169 911 1338 982 εἶναι,
1395 924 1708 984 σωφρονῶν
1754 914 1815 968 έν

114 1015 232 1067 ταῖς
272 1003 589 1072 εὐπραξίαις
620 1005 854 1073 φάνηθι,
895 1003 1022 1057 ὥστ’
1057 1003 1461 1073 ἀμφοτέρωθεν
1499 1004 1814 1073 εὐδοκιμεῖν

113 1090 259 1147 εἷναί
297 1107 403 1161 σοι,
442 1102 508 1163 τῇ
547 1113 603 1146 τε
642 1104 754 1146 τῶν
794 1094 1091 1162 βαρβάρων
1131 1099 1326 1164 φθορᾷ
1362 1101 1427 1163 τῇ
1468 1092 1514 1146 τ’
1554 1093 1813 1164 ἐπιεικείᾳ
1838 1116 1882 1148 10

114 1192 227 1236 τῶν
264 1185 501 1251 τρόπων.
541 1185 592 1236 εἰ
628 1184 731 1251 γὰρ
773 1181 1027 1251 μέτοικος
1064 1178 1151 1250 ἦν,
1191 1185 1242 1235 εἰ
1279 1183 1384 1252 γὰρ
1417 1182 1587 1249 ξένος,
1628 1183 1676 1235 εἰ
1708 1184 1813 1252 γὰρ

114 1271 510 1340 ἀπελεύθερος,
551 1270 783 1341 ἐδεόμην
830 1269 890 1324 δὲ
930 1271 1073 1324 οὕτω
1115 1273 1325 1338 δίκαια,
1365 1273 1543 1341 πατὴρ
1584 1270 1664 1325 ὢν
1711 1272 1813 1325 οὐκ

115 1360 186 1413 ἂν
224 1362 447 1423 εἰκότως
485 1359 811 1430 ἐτύγχανον;
873 1360 959 1412 47.
1009 1369 1117 1414 νῦν
1164 1360 1288 1430 μέν,
1330 1358 1371 1414 ὦ
1416 1363 1813 1430 Θεμιστόκλεις,

111 1451 252 1519 ἔχεις
298 1449 542 1511 ἅπαντας
587 1449 854 1511 ὑπιόντας
903 1451 995 1503 καὶ
1040 1451 1480 1518 θεραπεύοντας,
1533 1451 1656 1518 ἄρτι
1704 1451 1809 1518 γὰρ

113 1538 171 1591 ἐκ
201 1539 463 1607 μεγάλων
511 1537 518 1610 Ι
567 1539 732 1607 ἥκεις,
772 1541 955 1608 νόμιζε
995 1536 1056 1592 δὲ
1095 1541 1242 1609 παρὰ
1282 1549 1399 1602 τοῖς
1438 1540 1627 1603 αὐτοῖς
1674 1544 1795 1588 RIV
1813 1548 1898 1589 387

111 1628 328 1690 τούτοις
367 1627 689 1697 ἀνθρώποις
726 1626 817 1680 καὶ
863 1631 1087 1697 φθόνον
1131 1623 1273 1682 εἶναι
1305 1629 1443 1697 πρὸς
1496 1630 1596 1681 τὸν
1628 1631 1809 1698 εἰργα-
1836 1650 1878 1683 16

112 1716 340 1786 σμένον,
396 1716 456 1780 ὃς
495 1725 602 1770 νῦν
651 1714 752 1787 μὲν
798 1718 1119 1786 κρύπτεται,
1166 1719 1363 1786 καιρὸν
1419 1714 1479 1770 δὲ
1535 1716 1811 1786 ἀναμένει.

113 1807 481 1875 παρελώμεθα
536 1807 604 1876 δὴ
659 1807 872 1860 τούτων
925 1809 1055 1869 τοὺς
1108 1806 1396 1869 τοιούτους
1448 1814 1561 1859 τῶν
1609 1808 1810 1875 λόγων*

111 1896 224 1948 τὸν
263 1897 568 1964 σκληρόν,
609 1898 722 1949 τὸν
761 1895 1134 1964 ἀγνώμονα,
1187 1898 1303 1948 τὸν
1342 1895 1809 1963 ἀδιάλλακτον,

112 1984 224 2036 τὸν
270 1982 514 2053 ἐχθρὸν
560 1992 670 2053 τῆς
716 1985 943 2047 οἰκίας.
999 1986 1070 2053 μὴ
1119 1985 1315 2037 τοίνυν
1361 1985 1617 2037 δεδόσθω
1658 1984 1807 2053 χώρα
1832 2006 1876 2038 20

111 2081 226 2135 τοῖς
258 2071 605 2140 ἀηδεστέροις
634 2083 747 2126 τῶν
778 2076 978 2142 λόγων,
1010 2071 1128 2127 ἀλλ’
1166 2071 1340 2127 ἔστων
1372 2074 1606 2135 ἅπαντες
1638 2073 1806 2141 εὔφη-

111 2181 204 2229 μοι
228 2159 318 2213 καὶ
344 2163 482 2230 λαβὴ
507 2163 742 2231 μηδεμία
767 2163 877 2215 τινὶ
909 2172 1021 2215 τῶν
1051 2161 1520 2231 κακοηθεστέρων.
1567 2161 1654 2214 48.
1680 2168 1804 2214 τοῦ-

22 2271 23 2275 ’
110 2268 173 2302 το
212 2248 303 2302 καὶ
344 2248 552 2318 Ξέρξην
592 2253 669 2312 εἰς
711 2255 903 2304 Σοῦσα
950 2248 1220 2318 κομισθὲν
1267 2250 1496 2303 ἀνιάσει.
1551 2258 1660 2303 νῦν
1704 2250 1806 2317 μὲν

230 2444 256 2481 3
288 2439 393 2484 Her.
421 2439 483 2483 VI
509 2445 590 2483 126
715 2446 768 2484 19
801 2441 932 2486 Dem.
965 2457 1011 2498 p.
1039 2446 1136 2494 100,
1158 2445 1232 2494 133
1269 2444 1368 2495 135,
1389 2445 1463 2494 12;
1500 2444 1599 2494 702,
1620 2444 1671 2482 11

233 2621 286 2659 10
317 2624 402 2674 τῆσ
432 2620 480 2661 et
511 2620 704 2673 φθορᾶσ
730 2619 773 2662 L
806 2619 886 2662 sed
918 2632 943 2662 σ
976 2619 1047 2662 bis
1080 2618 1173 2662 add
1204 2617 1274 2661 111¹
1300 2618 1462 2720 Ἇφορᾶ
1497 2618 1533 2662 Ο
1558 2620 1563 2674 Ι
1590 2633 1639 2662 τε
1663 2617 1803 2662 ILau

232 2679 286 2719 13
319 2679 452 2731 „fort
477 2676 799 2734 ἀπετύγχανον
822 2677 1057 2734 repulsam
1081 2677 1278 2721 ferrem“
1347 2690 1370 2721 e
1495 2682 1548 2720 16
1580 2677 1698 2732 πρὸς
1719 2676 1802 2720 τὸν

112 2733 415 2792 εἰργασμένον
462 2735 628 2792 scripsi
667 2749 692 2779 ο
726 2737 949 2781 OBILau
1024 2737 1142 2791 πρὸς
1178 2736 1260 2781 τὸν
1302 2734 1613 2792 εἰργασμένων
1638 2737 1726 2780 Μα

111 2800 202 2837 τῶν
234 2793 544 2851 εἰργασμένων
568 2795 612 2838 L
636 2795 717 2838 sed.
740 2803 833 2840 τῶν
857 2797 906 2838 in
931 2810 1004 2838 ras
1030 2798 1078 2839 et
1102 2813 1136 2839 ω
1162 2809 1218 2840 ex
1242 2811 1267 2840 ο
1293 2809 1395 2839 corr
1417 2794 1488 2838 m²
1545 2808 1548 2809 ⁷
1610 2799 1664 2838 18
1696 2801 1803 2838 τοῦ·

112 2868 194 2896 τον
228 2852 353 2897 OMa
395 2856 402 2910 Ι
443 2860 541 2903 τοῖς
570 2853 798 2904 τοιούτοις
832 2856 918 2899 Ma
1058 2859 1110 2897 19
1143 2853 1195 2898 δὲ
1226 2857 1335 2911 post
1364 2854 1518 2911 τὸν(1)
1553 2854 1682 2899 CBL

113 2916 166 2955 21
213 2910 535 2968 ἀκηδεστέροις
574 2912 641 2957 Re
786 2918 841 2956 22
885 2911 1084 2970 μηδεμία
1123 2914 1236 2971 τινὶ]
1275 2914 1438 2970 μηδενὶ
1476 2912 1661 2957 LILau

113 2973 168 3013 28
201 2967 332 3026 ξέρξη
360 2972 394 3015 Ι
413 2973 420 3029 Ι
448 2977 621 3016 σοῦσαν
651 2972 737 3015 Μα
799 2968 893 3015 ὦτα
925 2972 1034 3016 Lau

202 3051 397 3084 Lmlmxus
422 3054 479 3085 od.
504 3053 741 3085 Foerster.
765 3054 810 3085 Υ,
1390 3050 1443 3088 31
