2026 3192
101 174 103 177 Α
185 107 294 159 488
669 104 900 154 LIBANH,
927 104 1318 150 DECLAMATIO
1349 106 1393 149 Χ

141 618 160 650 5

122 1061 164 1095 10

186 238 289 295 οὖν
328 250 517 310 πρῶτα
556 241 646 293 καὶ
686 241 751 293 τὰ
789 239 915 307 παρ’
963 241 1134 294 αὐτὸν
1173 249 1272 294 τοῦ
1311 241 1579 309 γάλακτος
1616 243 1714 295 τὸν
1752 245 1874 312 χρό-

186 350 288 395 νον
327 330 428 383 οὐκ
469 329 538 382 ἂν
571 328 777 382 εἰδέναι
810 331 999 398 φαίην,
1032 328 1150 389 ἀλλ’
1190 328 1379 403 ἐπειδὴ
1411 332 1549 399 πρὸς
1579 333 1876 400 μαθήσεων

187 420 403 488 ἡλικίαν
434 414 592 487 ἧκον,
632 415 841 487 ἔπεμπέ
874 438 939 484 με
978 419 1117 488 πρὸς
1147 421 1278 481 τοὺς
1317 419 1702 486 διδασκάλους,
1748 419 1875 487 ὁμο-

187 512 349 575 λογῶ,
390 509 584 575 ἤρεσκε
623 505 675 559 δ’
712 507 859 578 αὐτῷ
891 516 1003 560 τῶν
1035 505 1182 575 ἐμῶν
1221 507 1389 560 οὐδὲν
1429 507 1550 561 οὐδ’
1588 508 1689 561 ὅσα
1731 509 1876 577 παρὰ

184 607 296 649 τῶν
329 597 515 649 ἄλλων
549 596 814 666 ἐπῃνεῖτο.
851 604 944 664 τῆς
977 597 1197 665 φύσεως
1230 597 1291 649 δὲ
1323 597 1594 665 δοκούσης
1624 617 1678 650 τι
1707 596 1880 651 πλέον

184 695 296 738 τῶν
343 687 527 739 ἄλλων
574 682 721 754 ἔχειν
766 685 855 737 καὶ
903 686 1049 754 παρὰ
1103 694 1218 748 τοῖς
1273 694 1668 755 συμφοιτηταῖς
1719 687 1878 747 ὄντος

185 774 385 827 τούτου
439 781 539 826 τοῦ
601 776 770 841 λόγου
823 772 913 826 καὶ
969 775 1104 827 κατὰ
1166 776 1267 842 τὴν
1330 776 1500 842 ἄλλην
1561 777 1744 843 πόλιν,
1806 775 1879 836 ὡς

187 861 558 931 εὐφυέστατος
598 859 683 933 ἄρ’
724 861 847 931 ἐγώ,
886 861 976 915 καὶ
1007 870 1108 915 τοῦ
1141 863 1478 916 διδασκάλου
1509 871 1672 916 τοῦτο
1705 866 1879 930 βοῶν-

185 971 276 1014 τος
316 952 404 1004 καὶ
445 950 845 1021 προστιθέντος
885 971 946 1020 γε
978 951 1231 1019 μεγάλων
1262 949 1489 1005 ἔσεσθαί
1519 972 1582 1019 με
1616 953 1878 1021 δημιουρ-

188 1042 290 1108 γὸν
329 1039 362 1108 ἢ
401 1050 652 1110 χρηστῶν
691 1039 723 1107 ἢ
765 1050 875 1092 τῶν
917 1038 1142 1109 ἑτέρων,
1191 1041 1257 1094 οὐ
1299 1043 1401 1108 γὰρ
1443 1041 1739 1110 ἀρνοῦμαι,
1792 1039 1878 1093 δέ-

96 1133 218 1178 RIV
235 1138 319 1178 391
370 1130 589 1198 δειγμαι
635 1130 739 1197 γὰρ
798 1127 804 1197 Ι
865 1134 994 1191 ἴσως
1040 1137 1211 1182 κακοῦ
1257 1127 1359 1198 μὲν
1412 1135 1583 1192 αἴτιος
1634 1130 1880 1197 οὐδενός,

122 1506 164 1539 15

123 1951 166 1982 20

190 1218 421 1286 ἀγαθῶν
462 1218 523 1271 δὲ
561 1218 838 1285 μεγάλων,
886 1225 985 1270 τοῦ
1027 1218 1088 1271 δὲ
1127 1222 1540 1286 φιλοτιμεῖσθαι
1579 1219 1715 1285 πρὸς
1752 1219 1882 1280 τοὺς

189 1308 393 1369 ἄλλους
439 1306 674 1375 πατέρας
712 1305 744 1373 ἢ
786 1307 948 1376 χάριν
992 1306 1198 1360 εἰδέναι
1244 1316 1360 1369 τοῖς
1406 1312 1561 1369 θεοῖς
1607 1315 1702 1376 τῆς
1746 1307 1881 1359 κατὰ

189 1396 288 1463 τὴν
331 1396 505 1464 φύσιν
536 1396 703 1464 τύχης
735 1395 807 1457 ὡς
838 1399 1098 1448 πλεῖστον
1130 1394 1330 1465 ἀπεῖχε.
1408 1396 1454 1448 8.
1494 1397 1784 1464 παρετήρει
1820 1393 1880 1448 δὲ

188 1485 361 1541 νύκτα
399 1482 490 1537 καὶ
529 1483 754 1553 ἡμέραν,
796 1490 981 1537 εἵπου
1016 1485 1175 1553 δοιήν
1215 1484 1361 1556 αὐτῷ
1401 1486 1537 1554 πρὸς
1576 1484 1749 1552 ὀργὴν
1787 1484 1881 1553 ἡν·-Υ

187 1581 383 1625 τινοῦν
438 1572 696 1642 ἀφορμὴν
755 1571 844 1625 καὶ
909 1574 1093 1640 λαβών
1161 1594 1226 1640 με
1288 1575 1609 1626 πεπονθότα
1663 1593 1715 1626 τι
1771 1582 1882 1626 τῶν

189 1664 612 1730 συμβαινόντων
650 1661 798 1724 νέοις
837 1662 938 1714 οὐκ
970 1662 1369 1731 αἰτιασάμενος,
1410 1662 1476 1715 οὐ
1516 1662 1887 1730 μεμψάμενος,

190 1750 290 1819 οὐχ
332 1750 483 1813 ὅσοις
523 1748 690 1819 ἐχρῆν
738 1751 814 1813 εἰς
853 1751 914 1803 τὸ
953 1758 1284 1819 μεταστῆσαι
1332 1751 1669 1820 χρησάμενος
1705 1750 1884 1803 πολλά

188 1859 246 1892 τε
299 1848 411 1892 τῶν
465 1839 836 1907 δικαστηρίων
898 1838 1162 1908 ἐμέμνητο
1223 1838 1313 1892 καὶ
1374 1841 1506 1906 μίαν
1561 1839 1881 1906 ἀπαλλαγὴν

190 1924 432 1995 ἔφασκεν
471 1926 610 1995 ὁρᾶν
647 1929 748 1996 τὴν
787 1926 1125 1997 ἀποκήρυξιν
1164 1928 1339 1980 πολλὰ
1378 1924 1478 1996 μὲν
1517 1926 1651 1994 ἐμοῦ
1692 1927 1900 1996 λέγον-·

309 2077 335 2116 8
369 2073 425 2116 cf.
458 2088 502 2129 p.
529 2077 631 2126 462,
651 2077 704 2116 10
828 2077 882 2116 16
917 2073 971 2116 cf.
1006 2088 1049 2129 p.
1076 2077 1177 2127 463,
1197 2077 1218 2115 7

311 2211 335 2249 3
381 2205 581 2262 ἔπεμπέν
614 2206 704 2249 edd
755 2206 761 2263 Ι
811 2206 928 2260 πρὸς
969 2206 1076 2255 τοὺς
1115 2205 1424 2256 διδασκάλους
1464 2205 1627 2262 scripsi
1667 2219 1691 2248 e
1724 2205 1881 2249 BLaw

191 2264 281 2308 coll
313 2280 358 2321 p.
384 2269 530 2318 462,4
564 2266 609 2308 et
644 2269 697 2307 10
775 2265 890 2320 πρὸς
928 2272 1010 2308 τοῦ
1050 2264 1336 2309 διδασκάλου
1368 2265 1510 2310 Iedd
1587 2265 1648 2314 ὡς
1687 2271 1770 2308 τοῦ
1811 2265 1879 2307 δι-

192 2322 427 2368 δασκάλου
454 2325 489 2368 G
549 2324 613 2373 εἰς
646 2324 932 2368 διδασκάλου
957 2324 999 2367 L
1025 2325 1106 2368 sed
1140 2324 1205 2375 εἰς
1235 2324 1283 2366 in
1314 2337 1390 2367 ras
1417 2328 1442 2367 5
1475 2323 1553 2367 litt
1584 2323 1666 2378 m²‚
1700 2323 1766 2373 εἰς
1795 2329 1877 2366 τοῦ

191 2382 475 2427 διδασκάλου
519 2385 602 2426 aut
644 2383 760 2438 πρὸς
801 2383 882 2426 τὸν
927 2381 1209 2427 διδάσκαλον
1251 2382 1405 2426 Gasda
1554 2388 1578 2426 6
1624 2382 1744 2440 ἔχειν
1785 2388 1878 2426 τῶν

190 2441 339 2486 ἄλλων
362 2442 395 2484 Ι
439 2444 444 2497 Ι
494 2450 584 2485 τῶν
617 2441 785 2500 ἄλλων]
820 2441 985 2496 ἑτέρων
1013 2443 1094 2486 OB
1239 2446 1261 2485 7
1312 2442 1450 2498 ἄλλην
1491 2456 1567 2485 om
1590 2443 1625 2486 I
1760 2445 1785 2483 9
1824 2456 1878 2496 με

190 2502 298 2557 post
338 2499 528 2545 ἔσεσθαί
567 2501 742 2544 inserui
782 2515 806 2544 e
844 2500 978 2543 libris
1019 2504 1111 2557 (μοι
1143 2502 1227 2557 Β),
1267 2503 1320 2544 ut
1350 2503 1457 2556 post
1493 2517 1542 2557 γε
1581 2499 1878 2544 inserendum

192 2560 297 2603 coni
327 2559 417 2610 Re,
458 2573 564 2603 cum
602 2575 651 2618 γε
692 2560 1071 2604 commutandum
1113 2559 1268 2603 Gasda
1345 2574 1418 2604 om
1459 2560 1549 2604 edd
1694 2563 1747 2602 10
1785 2565 1877 2602 τῶν

193 2620 301 2663 ante
340 2625 547 2676 χρηστῶν
579 2618 668 2662 edd
731 2618 882 2662 de1evi
1012 2625 1062 2662 11
1100 2618 1186 2674 γὰρ
1219 2633 1294 2662 om
1322 2619 1357 2664 Ο
1403 2620 1409 2673 Ι
1459 2625 1606 2662 κακοῦ
1637 2616 1822 2674 reposui
1854 2630 1893 2671 θ,

191 2676 347 2733 libris,
385 2680 439 2720 ut
478 2677 583 2721 coni
615 2677 772 2721 Gasda
847 2681 990 2722 καλοῦ
1023 2678 1113 2721 edd
1163 2680 1168 2734 Ι
1219 2677 1366 2728 αἴτιος
1404 2684 1550 2721 κακοῦ
1584 2677 1667 2733 μὲν
1691 2678 1736 2721 Β
1870 2726 1891 2730 ..

195 2741 248 2780 12
274 2737 324 2780 δὲ
336 2737 396 2793 (2)
420 2736 596 2780 inserui
621 2751 645 2780 e
663 2737 886 2781 CBILau
946 2751 1019 2780 om
1040 2738 1082 2781 L
1103 2737 1193 2779 edd
1316 2743 1369 2780 14
1393 2739 1579 2780 πλεῖστα
1595 2737 1632 2780 C
1655 2738 1661 2792 Ι
1689 2738 1878 2792 ἀπεῖχεν

194 2796 237 2837 Β
384 2799 437 2838 16
471 2795 688 2852 ἀφορμὴν
720 2795 941 2851 ἡντινοῦν
966 2797 1000 2838 Ι
1020 2800 1026 2851 Ι
1054 2811 1107 2850 με
1141 2795 1304 2852 scripsi
1365 2794 1474 2839 νέον
1505 2795 1614 2838 libri
1647 2795 1737 2838 edd

196 2858 247 2896 17
280 2861 376 2904 τοῖς
401 2855 508 2897 ante
532 2853 654 2904 νέοις
678 2855 723 2898 Β
847 2859 900 2898 18
926 2855 1031 2911 ἐξῆν
1059 2855 1096 2899 G
1119 2855 1125 2912 Ι
1152 2854 1299 2898 πολλά
1321 2871 1368 2899 τε
1391 2862 1483 2898 τῶν
1507 2854 1671 2909 scripsi
1731 2851 1876 2897 πολλὰ

194 2913 244 2956 δὲ
277 2913 481 2957 τοῦτῶν
508 2913 729 2957 GBILau
791 2927 864 2955 om
897 2913 962 2969 (in
994 2927 1068 2956 ras
1103 2918 1156 2956 12
1183 2912 1276 2969 litt)
1303 2914 1344 2956 L
1378 2913 1468 2956 edd
