2054 3192
560 134 789 180 LIBANH
819 133 1122 180 APOLOGIA
1155 134 1440 180 SOCRATIS
1771 136 1839 188 27

150 272 240 328 ἐπὶ
286 279 362 345 τῷ
415 278 620 342 μαθεῖν
666 269 699 339 ἢ
757 270 1138 340 λαμβάνοντας
1201 271 1274 332 ὥς
1328 290 1379 323 τι
1433 280 1546 324 τῶν
1600 272 1844 324 δεόντων

152 360 496 430 δυναμένους
531 360 832 413 διδάσκειν.
911 358 995 411 23.
1036 360 1130 412 διὰ
1161 366 1331 411 ταῦτα
1370 359 1549 412 πάντα
1589 359 1752 413 αὐτοί
1786 379 1843 413 τε

151 449 485 512 συνθέοντες
531 450 955 517 περιειστήκειτε
1002 448 1100 500 τὸν
1141 448 1472 516 Σωκράτην,
1523 449 1685 502 ὁπότε
1731 459 1843 502 τῶν

150 540 419 593 τοιούτων
458 537 698 606 ἐλέγχων
739 538 989 605 ἅπτοιτο,
1037 535 1127 589 καὶ
1175 539 1305 599 τοὺς
1353 536 1439 590 ε’πὶ
1489 539 1659 608 σοφίᾳ
1706 558 1842 607 φρο-

147 635 384 690 νοῦντας
409 626 646 696 ὁρῶντες
675 624 1122 692 καταδυομένους
1154 624 1244 678 καὶ
1269 629 1481 695 μᾶλλον
1505 635 1617 678 τῶν
1642 625 1843 696 ἀνδρα·
1891 646 1909 679 5

146 717 339 769 πόδων
379 717 730 783 ἰλιγγιῶντας
769 713 860 767 καὶ
900 713 1247 784 ἀποροῦντας
1286 713 1376 767 καὶ
1412 713 1844 783 περιβλέποντας

149 804 276 857 ὅποι
316 805 552 873 φύγοιεν
599 802 831 871 ἐγελᾶτε.
893 803 984 856 καὶ
1032 804 1142 870 ἅμα
1179 804 1316 871 πρὸς
1367 803 1681 872 ἐπιμέλειαν
1719 823 1842 857 παι-

148 894 298 955 δείας
336 892 610 961 ἀληθινῆς
650 891 945 962 ἐτρέπεσθε
983 901 1100 954 τοῖς
1138 911 1196 945 τε
1226 891 1384 945 παισὶ
1416 902 1710 962 παρῃνεῖτε
1742 901 1842 946 τοῦ

144 989 318 1034 ταῦτα
340 989 636 1043 ποιοῦντος
661 983 888 1049 ἔχεσθαι
918 984 1234 1047 νομίζοντες
1264 984 1450 1048 μεῖζον
1475 975 1617 1034 εἷναι
1648 980 1844 1049 κέρδος

144 1071 334 1133 αὐτοῖς
373 1069 464 1123 καὶ
503 1071 702 1140 μικρὸν
741 1080 852 1123 τῶν
893 1069 1107 1123 ἐκείνου
1146 1079 1434 1140 μετασχεῖν
1464 1074 1649 1123 καλῶν
1679 1069 1711 1138 ἢ
1745 1071 1843 1123 τὸν
1868 1090 1911 1122 10

148 1157 235 1212 ἐπὶ
276 1168 375 1228 γῆς
414 1160 628 1212 ἅπαντα
668 1161 891 1228 χρυσόν.

296 1248 381 1301 24.
412 1240 513 1300 Ὧν
551 1244 621 1315 ἦν
659 1267 791 1301 ποτε
829 1246 920 1300 καὶ
946 1247 1171 1310 Ἄνυτος
1210 1247 1238 1301 ὁ
1277 1249 1474 1318 πικρὸς
1513 1246 1643 1301 νυνὶ
1682 1251 1842 1317 κατή-

142 1357 324 1406 γορος.
378 1335 470 1390 καὶ
517 1338 622 1406 γὰρ
671 1338 729 1389 oc
777 1338 982 1390 τούτου
1028 1339 1220 1400 παῖδες
1264 1335 1356 1390 καὶ
1395 1334 1712 1408 προσῄεσαν
1751 1336 1842 1390 καὶ

146 1428 368 1495 ἔχαιρον
407 1432 482 1497 τῷ
531 1433 638 1478 νῦν
685 1427 953 1494 φεύγοντι
999 1428 1102 1495 τὴν
1150 1428 1335 1495 δίκην,
1383 1427 1474 1479 καὶ
1515 1422 1677 1489 οὗτος
1717 1427 1843 1480 οὔτε

147 1514 447 1584 ἀπέτρεπεν
486 1516 613 1568 οὔτε
654 1514 940 1584 ἐμέμφετο,
980 1516 1162 1585 ὥσπερ
1205 1514 1323 1569 οὐδ’
1363 1516 1520 1584 ὑμεῖς
1550 1519 1682 1577 τοὺς
1712 1516 1841 1584 ὑμε-
1868 1534 1909 1568 15

146 1602 340 1672 τέρους
365 1603 563 1656 αὐτῶν.
597 1605 833 1666 εἰκότως.
866 1604 1174 1672 ἠπίστασθε
1199 1605 1322 1674 γάρ,
1348 1605 1421 1666 ὡς
1452 1604 1480 1658 ὁ
1506 1601 1609 1674 μὲν
1634 1604 1844 1673 ὁμιλῶν

147 1691 252 1745 κᾶν
289 1693 648 1759 θαυμάσειεν,
691 1692 720 1745 ὁ
761 1690 822 1746 δὲ
862 1695 1165 1762 θαυμάζων
1204 1693 1308 1746 κᾶν
1350 1694 1604 1762 ζηλώσειε
1642 1692 1733 1746 καὶ
1773 1700 1847 1766 τῷ

143 1788 339 1852 πυκνῷ
379 1789 472 1849 τῆς
512 1785 814 1844 συνουσίας
853 1781 1118 1851 ε’γγένοιτ’
1160 1784 1229 1835 ἄν
1264 1803 1347 1846 τις
1380 1780 1652 1851 ἐπιθυμία
1684 1784 1842 1851 μιμή-

151 1883 303 1936 σεως,
330 1868 772 1938 ἐπιθυμήσαντες
796 1867 858 1923 δὲ
890 1880 1002 1924 τῶν
1035 1871 1482 1940 ἐπιτηδευμάτων
1508 1871 1843 1940 Σωκράτους

148 1960 369 2011 ἔσονται
401 1968 513 2011 τῶν
544 1962 767 2012 πολλῶν
793 1960 968 2022 εὐθὺς
994 1959 1255 2029 ἀμείνους
1281 1963 1716 2030 γαστριμαργίας
1739 1956 1843 2026 μὲν
1867 1979 1910 2011 20

266 2138 289 2176 9
325 2133 443 2177 Plat.
476 2133 555 2191 leg
587 2134 628 2178 V
657 2150 703 2191 p.
732 2135 875 2178 728A
1000 2140 1052 2178 13
1088 2135 1242 2194 [Xen.]
1277 2135 1402 2191 apol.
1439 2140 1463 2189 ἓ
1498 2139 1554 2179 30

266 2301 291 2339 2
325 2298 553 2341 διαταῦτα
586 2298 631 2341 Β
753 2302 778 2340 3
812 2297 1092 2349 συνθέοντες
1122 2297 1309 2354 reposui
1341 2311 1366 2341 e
1407 2296 1539 2340 libris
1573 2295 1843 2354 (συνθέντες

147 2355 256 2411 Ath)
290 2370 395 2399 cum
426 2356 530 2414 Rog
591 2355 822 2407 σωθέντες
853 2357 955 2400 Mor
971 2357 1038 2400 Re
1071 2357 1152 2413 qui
1194 2355 1432 2406 συνιόντες
1472 2358 1555 2399 aut
1594 2370 1842 2410 συσπειρα-

142 2412 311 2465 θέντες
349 2415 454 2458 coni
529 2414 753 2471 ἡσθέντες
792 2416 896 2459 coni
935 2416 1098 2460 Iacobs
1138 2416 1245 2459 Add
1270 2421 1324 2459 53
1365 2415 1478 2460 Lect
1513 2419 1595 2459 193
1637 2414 1842 2458 Sintenis

146 2470 294 2517 Cobet
332 2473 502 2519 Mnem.
535 2475 599 2518 ΙΠ
626 2480 709 2518 144
782 2474 1013 2525 ὠσθέντες
1051 2475 1215 2519 Iacobs
1247 2474 1342 2518 Not
1366 2479 1392 2518 8
1436 2475 1442 2532 Ι
1484 2473 1842 2530 περιειστήκειτε

146 2532 334 2588 reposui
366 2547 423 2577 ex
461 2534 626 2579 UVaB
667 2549 772 2578 cum
804 2534 907 2592 Rog
967 2533 1280 2602 περιστήκειτε
1315 2535 1404 2578 Ma
1463 2532 1750 2588 περιεστήκει
1791 2531 1844 2577 δέ

146 2592 241 2634 Ath
363 2597 386 2635 7
423 2608 511 2649 οπη
545 2594 639 2638 Ath
762 2597 816 2636 10
850 2594 929 2637 καὶ
961 2594 1127 2649 scripsi
1168 2595 1357 2636 auctore
1388 2592 1455 2636 Re
1518 2609 1608 2637 nav
1641 2592 1841 2635 auctori-

146 2650 233 2693 bus
266 2651 474 2695 Iacobsio
483 2610 625 2696 ”Add
657 2657 712 2696 53
753 2653 866 2695 Lech
899 2657 983 2695 193
1024 2653 1119 2696 Not
1155 2656 1180 2695 9
1214 2654 1261 2696 et
1294 2651 1468 2696 Cobeto
1507 2652 1612 2708 Rog
1687 2649 1843 2695 καίτοι

147 2708 354 2754 Sinssenis
477 2715 529 2754 11
563 2711 654 2755 ὑπὸ
689 2711 793 2755 coni
825 2711 983 2755 Naber
1010 2711 1015 2769 1
1045 2711 1164 2768 ἔχειν
1195 2713 1304 2767 post
1334 2710 1507 2768 χρυσὸν
1543 2710 1842 2754 inserendum

146 2768 253 2811 coni
283 2769 444 2813 Iacobs
483 2770 596 2814 Loci:
630 2774 714 2814 193
742 2770 839 2814 Not
863 2775 888 2813 9
954 2775 1007 2813 12
1040 2769 1142 2815 τότε
1169 2772 1256 2814 Ma
1380 2774 1433 2813 13
1465 2776 1707 2842 προσῇσαν
1739 2768 1843 2826 Rog

269 2832 323 2870 14
364 2827 552 2886 ἔχαιρον
587 2831 676 2874 Ma
715 2830 797 2873 sed
829 2845 878 2887 εχ
881 2847 931 2873 αι
969 2829 1019 2871 111
1057 2843 1132 2872 ras
1164 2829 1425 2872 111215
1467 2826 1571 2873 οὐδ’
1620 2827 1785 2883 scripsi
1817 2842 1841 2870 e

147 2883 280 2929 libris
342 2846 452 2931 οὐχδὲ
492 2888 584 2931 odd
708 2893 760 2932 18
804 2846 1020 2945 ἐγγένοιτ’
1057 2888 1221 2944 scripsi
1262 2902 1317 2931 ex
1355 2888 1448 2931 Ath
1462 2888 1545 2931 UB
1608 2885 1840 2943 ἐγγένοιτο

150 2945 318 2990 MaVa
349 2946 440 2989 edd
562 2951 617 2990 20
648 2954 740 2991 τῶν
772 2948 973 3005 πολλῶν]
1004 2949 1156 3006 πολλῷ
1188 2946 1346 2990 Naber
