2026 3192
451 109 722 156 ACHILLIS
754 110 837 155 'AD
870 109 1105 154 ULIXEM
1136 109 1465 154 ANTILOGIA
1685 109 1792 162 359

102 246 384 316 ἐπιθυμῶ,
429 247 598 300 πάλαι
644 247 923 316 τετύχηκα.
1001 245 1088 300 95.
1134 244 1226 299 καὶ
1272 246 1382 315 μὴν
1428 243 1558 300 οὐδὲ
1605 248 1796 314 λαβεῖν

101 336 200 389 τὸν
239 337 418 407 ἄνδρα
455 346 566 390 τῶν
606 334 841 407 ῥᾴστων,
883 338 934 389 εἰ
970 334 1060 388 καὶ
1094 336 1313 405 σφόδρα
1353 336 1439 388 δεῖ
1468 342 1567 388 τοῦ
1606 336 1796 403 λαβεῖν

100 424 410 493 ἐπιθυμεῖν.
451 425 569 479 εἰπὲ
608 427 712 496 γάρ
750 442 868 493 μοι·
924 425 981 478 τί
1016 427 1323 493 κατήγαγεν
1363 424 1534 479 αὐτὸν
1574 423 1661 478 ἐπὶ
1700 426 1796 487 τὰς

98 523 258 584 ναῦς-ς
297 515 365 568 οὐ
404 515 466 568 τὸ
507 515 580 584 μὴ
619 522 912 569 κοινωνεῖν
950 533 1016 583 με
1055 523 1167 567 τῶν
1213 511 1415 584 ἔργων,
1468 514 1700 582 οὐκοῦν,
1748 516 1798 567 εἰ

98 612 476 658 κοινωνοῦντα
508 605 686 672 γνοίη,
727 603 998 671 φεύξεται.
1047 612 1160 667 πῶς
1193 599 1298 657 οὖν
1337 605 1415 666 εἰς
1454 612 1638 673 χεῖρας
1669 603 1794 673 ἀφί-

98 692 267 763 ξεται,
329 693 358 746 ὁ
412 694 515 761 γὰρ
572 701 672 746 τοῦ
727 697 1007 763 θαρρῆσαι
1061 694 1160 745 τὸν
1214 693 1410 762 καιρὸν
1471 693 1629 755 εἰδὼς
1693 693 1795 746 οὐκ

98 783 357 853 ἀγνοήσει
397 783 495 836 τὸν
534 790 631 852 τῆς
670 790 876 851 φυγῆς,
917 782 1034 835 ἀλλ’
1083 787 1284 835 εἰσεται
1323 782 1426 850 μὲν
1464 782 1796 849 κινουμένας

98 882 208 926 τῶν
269 872 659 941 Μυρμιδόνων
718 872 814 935 τὰς
875 870 1078 940 τάξεις,
1141 873 1331 934 ὄψεται
1403 871 1465 925 δὲ
1527 871 1633 924 ἀπὸ
1695 879 1794 925 τοῦ

98 964 329 1031 Σιγείου
369 962 708 1029 προσιούσας
746 962 841 1024 τὰς
874 961 1176 1031 φάλαγγας,
1215 958 1305 1030 ἐμὲ
1338 957 1399 1014 δὲ
1432 959 1594 1024 ὀξέως
1625 961 1795 1030 μηνύ-

99 1065 183 1105 σει
223 1052 288 1104 τά
328 1051 471 1104 ὅπλα
509 1051 766 1119 τεθέντα,
813 1050 980 1104 πάλιν
1020 1049 1070 1104 δ’
1117 1050 1326 1113 ἐκεῖνος
1364 1048 1618 1119 ἐπανήξει
1658 1051 1794 1120 πρὸς

99 1141 201 1210 τὴν
240 1141 396 1210 δρῦν.
1444 1136 1453 1148 ”

211 1229 296 1282 96.
339 1230 578 1299 Λογίζου
620 1230 681 1283 δὲ
719 1227 810 1282 καὶ
856 1237 1035 1283 τοῦτο.
1099 1229 1305 1282 νῦνοί
1341 1230 1648 1296 Πριαμίδαι
1693 1226 1796 1296 μὲν

96 1320 227 1382 τοὺς
270 1317 542 1388 Ἀτρείδας
598 1318 916 1386 ἀδικοῦσιν,
973 1317 1078 1387 ἐγὼ
1136 1317 1197 1371 δὲ
1251 1315 1342 1370 ὑπ’
1406 1316 1633 1372 ἐκείνων
1694 1318 1795 1387 μὲν

98 1407 284 1477 οὐδέν,
324 1408 431 1461 ὑπὸ
473 1405 533 1462 δὲ
572 1417 684 1461 τῶν
711 1406 1005 1477 Ἀτρειδῶν
1050 1407 1326 1476 ἠδίκημαι.
1377 1417 1493 1470 πῶς
1540 1404 1643 1461 οὖν
1693 1407 1795 1461 οὐκ

97 1499 304 1566 ἄλογον
341 1494 479 1565 ὑπὲρ
519 1505 619 1551 τοῦ
658 1498 725 1550 τὰ
765 1501 960 1566 ἔσχατα
1001 1499 1371 1566 λελυπηκότος
1410 1497 1508 1550 τὸν
1548 1496 1789 1566 ἀναμάρ-

95 1607 261 1656 τητον
301 1588 378 1650 εἰς
416 1586 558 1656 τάμὰ
606 1588 932 1655 διαφθεῖραι
983 1585 1073 1639 καὶ
1125 1585 1292 1649 δόξαν
1330 1586 1647 1656 θηρεύοντα
1687 1587 1790 1655 ρ”ώ-

97 1697 201 1746 μης
238 1677 339 1746 τὴν
378 1684 473 1745 τῆς
512 1676 880 1745 ἀναισθησίας
910 1676 982 1745 μὴ
1018 1677 1219 1739 δεῖσαι;
1259 1676 1292 1745 ἢ
1331 1676 1391 1728 τὸ
1430 1672 1532 1744 μὲν
1558 1673 1795 1746 ’Έκτορα

96 1773 303 1819 κτεῖναι
337 1767 526 1834 καλόν,
558 1766 619 1819 τὸ
654 1763 708 1818 δ’
746 1765 982 1836 εὐχερῶς
1015 1764 1208 1836 φέρειν
1247 1764 1468 1832 ἀτιμίαν
1510 1764 1611 1818 οὐκ
1643 1766 1793 1835 αἰσχ-

215 1947 242 1985 4
272 1941 325 1985 11.
359 1958 379 1986 ε
406 1945 511 1995 789;
545 1957 561 1984 ι
587 1945 672 1985 352
691 1955 756 1997 sq.
881 1945 905 1984 9
940 1940 1132 1985 Aristid.
1157 1956 1203 1997 p.
1230 1944 1375 1994 5s7‚8
1500 1945 1551 1984 11
1586 1940 1638 1984 11.
1666 1957 1682 1984 ι
1707 1945 1793 1985 354

97 2001 154 2045 cf.
187 2016 231 2058 p.
261 2005 360 2055 321,
382 2005 434 2044 12
468 2002 515 2044 et
547 1999 679 2045 Chor.
713 2000 838 2044 Patr.
871 2001 904 2044 t.
929 2000 992 2045 IV
1023 2016 1068 2057 p.
1095 2004 1165 2056 99,
1185 2004 1240 2044 24
1258 2000 1299 2043 R
1328 2003 1392 2057 (p.
1420 2004 1520 2055 266,
1540 2005 1594 2044 16
1627 1999 1792 2056 Boias.)

95 2165 565 2210 HLaViMaBLawr
624 2164 687 2215 ὡς
715 2162 756 2208 τ’
796 2164 934 2209 VOan
966 2164 1057 2208 edd
1085 2165 1091 2222 Ι
1119 2171 1199 2208 τοῦ
1233 2177 1307 2207 om
1331 2164 1515 2209 BLaur
1542 2168 1547 2209 Ι
1588 2161 1792 2220 κρείττο-

98 2241 179 2276 νος
217 2224 327 2268 libri
359 2224 460 2268 Mor
525 2237 627 2268 corr
658 2224 726 2268 Re

218 2289 238 2327 1
274 2283 419 2327 πάλαι
451 2298 526 2328 om
559 2285 605 2328 B
749 2288 774 2326 2
818 2285 893 2328 δεῖ
922 2297 997 2328 om
1030 2284 1088 2328 H
1093 2284 1206 2328 VLa
1351 2287 1375 2326 3
1413 2282 1637 2338 ἐπιθυμεῖ
1666 2283 1725 2327 Η

97 2344 314 2399 ἐπιθυμῶ
354 2343 396 2386 V
420 2346 426 2398 Ι
454 2342 714 2399 κατήγαγεν
749 2345 838 2387 Μα
870 2343 951 2386 sed
983 2359 1037 2399 γρ
1071 2350 1270 2400 κατῆγεν
1310 2355 1526 2397 suprascr
1557 2344 1604 2386 et
1634 2356 1791 2386 rursus

99 2403 176 2446 del
207 2402 277 2446 m³
337 2408 537 2458 κατῆγεν
570 2403 814 2447 HVLaVi
933 2407 960 2445 4
992 2409 1075 2446 τοῦ
1118 2403 1173 2446 Vi
1211 2403 1217 2459 Ι
1261 2418 1314 2457 με
1349 2403 1437 2446 Μα
1469 2401 1550 2445 sed
1583 2417 1603 2445 ε
1636 2401 1684 2444 in
1716 2415 1791 2445 ras

100 2466 124 2504 2
156 2462 236 2506 litt
267 2461 337 2505 m⁸
397 2462 479 2517 μὲν
506 2463 581 2507 La
641 2478 718 2517 μοι
752 2462 809 2506 Vi
929 2465 955 2505 8
989 2458 1036 2506 δ’
1065 2461 1214 2506 BOan
1239 2460 1330 2504 edd
1451 2465 1476 2504 9
1510 2461 1794 2514 προσιούσας

101 2521 265 2593 scripsi
297 2522 486 2565 auctore
517 2521 614 2594 Re*
646 2521 902 2575 προιούσας
932 2520 1042 2564 libri
1075 2520 1165 2564 edd
1207 2522 1213 2576 Ι
1255 2517 1302 2563 δ’
1340 2521 1625 2589 BLaurCap
1657 2520 1747 2564 edd
1782 2519 1788 2578 Ι

99 2596 272 2684 ἔζιχῖῠς
303 2582 412 2682 BIS
439 2580 976 2684 διΐκοῗσιῗὲιῧὲωῗῗοτ
1003 2641 1009 2696 Ι
1038 2585 1303 2684 δι’2ῐῆζὲἷιοπ
1315 2597 1416 2682 ΐδῖἰ
1456 2579 1598 2682 Lag
1622 2584 1792 2694 ὀὲΙλοῖνΞῖ

101 2700 190 2750 Ma
221 2699 302 2742 sed
327 2715 380 2755 γρ
406 2697 584 2743 ἄτοπον
608 2698 657 2741 in
681 2712 815 2754 marg
837 2698 908 2742 m³
968 2698 1146 2742 ἄτοπον
1172 2699 1245 2742 La
1277 2698 1358 2741 sed
1384 2697 1554 2754 α”λογον
1585 2697 1633 2740 in
1658 2711 1792 2754 marg

99 2771 134 2812 8,
177 2758 369 2802 ViLaur
396 2759 402 2813 Ι
438 2755 759 2813 λελυπηκότων
793 2757 892 2802 Can
1015 2762 1069 2801 16
1103 2754 1256 2813 ῥώμης
1290 2758 1377 2801 Μα
1409 2757 1490 2801 sed
1523 2774 1577 2813 γρ
1611 2758 1792 2813 γνώμης

101 2830 315 2873 suprascr
347 2819 394 2861 eb
423 2831 525 2861 rurs
559 2816 635 2861 del
666 2816 737 2859 m⁸
797 2817 981 2873 γνώμης
1013 2817 1113 2862 Can·
1235 2821 1288 2859 17
1321 2815 1406 2872 τὴν
1438 2819 1523 2860 οῑο
1547 2817 1644 2861 Can
1673 2823 1678 2860 Ι
1707 2832 1790 2871 μη-

100 2874 151 2919 δὲ
186 2876 285 2921 Gan
319 2875 418 2920 Mor
459 2877 465 2932 Ι
507 2877 698 2920 δεῖσθαι
732 2876 832 2921 Can
873 2878 881 2932 Ι
929 2876 1009 2920 τὸν
1044 2877 1133 2920 Μα
1256 2879 1309 2919 18
1341 2875 1425 2932 τὴν
1459 2876 1568 2919 ante
1601 2872 1789 2931 ἀτιμίαν

102 2935 235 2978 Laur
296 2933 483 2991 ἀτιμίασ
518 2936 618 2981 Gan

1841 622 1861 655 ὅ

1819 1070 1862 1102 10

1817 1519 1858 1552 15
