2026 3192
462 142 733 187 ACHILLIS
766 143 848 186 AD
882 141 1113 186 ULIXEM
1146 142 1474 187 ANTILOGIA
1684 143 1790 196 307

107 282 230 333 σίον
267 288 473 346 ποιεῖν,
523 281 600 341 εἰς
646 281 777 340 τοὺς
816 280 1199 347 σκευοφόρους
1245 279 1336 331 καὶ
1384 282 1678 342 τελοῦντας
1716 281 1794 342 εἰς

106 370 283 437 δῆμον
313 365 403 420 καὶ
436 369 788 436 φρονήματος
820 366 1233 437 ἐστερημένους,
1266 369 1345 430 εἰς
1374 368 1607 430 τούτους
1638 367 1793 421 ἀσελ-

106 459 318 524 γαίνειν
365 454 554 526 ἐχρῆν,
602 462 754 525 εἴπερ
801 457 908 527 ἄρα
953 454 1045 509 καὶ
1091 463 1254 509 τοῦτο
1303 457 1491 525 ἐχρῆν,
1540 457 1608 509 οὐ
1657 459 1793 510 κατὰ

103 554 412 614 στρατηγοῦ
459 546 695 615 μεθύειν
739 543 830 598 καὶ
876 546 1079 598 τούτου
1125 546 1296 613 φίλου
1342 554 1457 608 τοῖς
1502 551 1658 608 θεοῖς
1702 545 1793 599 καὶ

103 637 299 703 κυρίου
345 643 445 687 τοῦ
492 636 587 697 τὰς
632 642 769 697 ναῦς
823 631 971 687 εἶναί
1020 654 1077 687 τε
1124 633 1214 686 καὶ
1263 635 1611 705 διεφθάρθαι
1658 637 1793 688 κατὰ

103 726 201 776 τὸν
241 726 356 790 σόν,
391 722 676 791 Ὀδυσσεῦ,
717 725 902 791 λόγον.

217 812 260 864 7.
281 811 435 881 Ἐμοὶ
459 812 561 880 μὲν
585 809 690 865 οὖν
713 811 854 881 <ὂὶν>
877 813 1031 882 ἤρκει
1063 814 1129 865 τὰ
1152 813 1441 881 πράγματα
1464 811 1556 865 καὶ
1587 814 1652 865 τὰ
1684 822 1795 866 τῶν

102 904 379 970 πολεμίων
418 902 571 970 πάθη
613 900 703 954 καὶ
741 903 848 971 πρὸ
895 895 1007 954 τῶν
1053 903 1236 954 ἄλλων
1270 899 1480 970 ’Έκτωρ
1526 904 1648 954 τότε
1694 901 1795 971 μὲν

101 989 332 1058 τρέμων,
365 999 471 1044 νῦν
504 988 565 1044 δὲ
597 994 807 1061 φοβῶν,
840 989 930 1043 καὶ
963 991 1130 1044 οὐδὲν
1164 990 1307 1059 <ἂν>
1340 990 1572 1060 ἐδεόμην
1613 990 1795 1060 λέγειν

103 1080 135 1132 ἃ
167 1089 282 1143 τοῖς
320 1077 504 1149 ἔργοις
537 1079 912 1149 ἐπεδειξάμην,
952 1089 1068 1143 τοῖς
1098 1080 1203 1149 γὰρ
1238 1081 1458 1143 εἰκότως
1487 1079 1628 1148 μέγα
1657 1100 1794 1150 φρο-

101 1175 298 1221 νοῦσιν
339 1169 405 1221 οὐ
444 1165 571 1238 παρ’
615 1169 797 1222 αὑτῶν
838 1168 1116 1236 ἐπαίνους,
1157 1168 1263 1221 ἀπὸ
1304 1169 1366 1222 δὲ
1403 1179 1515 1222 τῶν
1553 1187 1795 1238 πεπραγ-

101 1256 283 1323 μένων
323 1252 466 1310 εἷναι
515 1260 599 1310 δεῖ
645 1258 747 1325 τὴν
793 1259 1123 1327 μαρτυρίαν·
1178 1256 1294 1310 ἐπεὶ
1343 1255 1404 1310 δὲ
1450 1260 1794 1326 βουλόμενον

103 1355 316 1399 σιωπᾶν
362 1348 464 1400 οὐκ
511 1346 627 1418 ἐᾷς,
667 1346 957 1416 Ὀδυσσεῦ,
997 1347 1239 1414 πολέμου
1278 1346 1620 1417 μεμνημένος
1657 1348 1795 1418 πρὸς

103 1437 279 1505 ἄνδρα
331 1439 638 1505 κιθαρίζειν
693 1435 816 1490 ἀντὶ
877 1444 979 1490 τοῦ
1039 1441 1302 1505 πολεμεῖν
1357 1436 1794 1505 ἠναγκασμένον,

102 1525 386 1593 ἀκούσατε,
427 1522 469 1578 ὦ
508 1529 794 1595 παρόντες,
835 1524 964 1579 ἀνθ’
1011 1526 1148 1579 οίων
1187 1519 1277 1579 οἷα
1315 1528 1663 1596 κεκόμισμαι,
1701 1525 1792 1579 καὶ

101 1623 219 1677 ταῖς
274 1615 612 1684 εὐεργεσίαις
665 1615 920 1668 ἀντίθετε
965 1616 1061 1678 τὰς
1108 1614 1353 1683 ἀμοιβάς.
1417 1621 1635 1668 εἴσεσθε
1689 1617 1792 1685 γὰρ

1820 1103 1861 1136 10

1819 1549 1860 1581 15

103 1701 198 1756 εἶτ’
245 1706 354 1773 ἔχει
394 1706 563 1771 λόγον
601 1705 663 1758 τὸ
703 1706 774 1773 μὴ
817 1712 1124 1774 συμμαχεῖν
1170 1708 1277 1757 εἴτε
1315 1703 1406 1757 καὶ
1448 1706 1625 1767 ἄλλως
1665 1703 1794 1773 ἀγα-
1842 1768 1848 1774 ,

220 1855 247 1892 4
279 1850 331 1893 Il.
365 1867 381 1894 1.
416 1855 498 1894 117
623 1855 647 1894 6
680 1850 731 1894 11.
766 1867 782 1895 ι
815 1855 914 1894 231.
948 1850 1007 1895 cf.
1031 1850 1226 1894 Aristid.
1259 1852 1292 1893 t.
1317 1850 1359 1892 II
1382 1865 1427 1906 p.
1447 1854 1547 1904 605,
1567 1855 1619 1893 17
1654 1850 1792 1894 Dind.

222 1915 276 1954 14
307 1910 358 1953 11.
386 1927 402 1954 ι
428 1915 512 1954 186
546 1911 594 1953 et
627 1914 711 1953 194
744 1910 800 1953 cf
834 1925 876 1966 p
905 1909 1318 1966 332,12.Aristicl.
1353 1925 1397 1966 p
1425 1914 1525 1964 601
1546 1915 1597 1953 11

226 2050 247 2087 1
281 2051 436 2087 ποιεῖν
471 2045 559 2088 Μα
592 2043 673 2087 sed
706 2061 759 2099 γρ
794 2044 941 2088 εἰπεῖν
975 2039 1192 2100 suprascr
1222 2043 1292 2087 111²
1318 2046 1324 2100 Ι
1353 2044 1419 2094 εἰς
1442 2070 1499 2076 -
1525 2048 1550 2087 3
1584 2043 1792 2101 ἐχρῆνῌ)

104 2104 220 2147 citat
257 2103 521 2159 Lopadiota.
553 2103 640 2147 lex.
675 2102 812 2146 Vind.
853 2118 896 2159 p.
932 2107 1039 2158 167,
1058 2109 1082 2146 5
1126 2118 1159 2147 s.
1192 2118 1234 2146 v.
1277 2102 1634 2158 σκευοφόρος
1672 2102 1696 2146 ὁ
1736 2102 1793 2146 τὰ

105 2163 241 2219 σκεύη
276 2162 445 2218 φέρων.
480 2162 704 2220 Λιβάνιος
824 2167 850 2206 3
883 2163 1093 2220 ἐχρῆν(2)
1122 2164 1210 2207 Μα
1241 2162 1323 2205 sed
1355 2162 1450 2207 ἔδει
1482 2175 1698 2219 suprascr
1723 2162 1794 2205 m²

107 2223 111 2278 Ι
147 2221 265 2265 κατὰ
289 2247 347 2255 ——
372 2227 398 2265 4
431 2221 624 2279 μεθύειν
657 2222 774 2265 citat
799 2221 946 2265 Thom
971 2221 1088 2278 M.p
1092 2227 1227 2272 ..231
1250 2226 1302 2265 11
1330 2237 1364 2265 s.
1391 2236 1429 2264 v,
1463 2221 1702 2278 μεθύση·
1736 2222 1792 2265 οὐ

105 2278 248 2337 μόνον
281 2280 332 2325 δὲ
365 2282 440 2326 ἐπὶ
474 2280 605 2326 οἴνου
639 2281 689 2325 τὸ
715 2281 903 2336 μεθύω
929 2279 1154 2338 λέγουσιν,
1187 2280 1302 2324 ἀλλα
1327 2281 1406 2324 καὶ
1433 2281 1507 2325 ἐπὶ
1530 2287 1613 2324 τοῦ
1638 2280 1795 2332 ἁπλῶς

104 2338 305 2397 ὑβρίζειν
337 2342 416 2384 καὶ
449 2340 510 2397 μὴ
543 2338 723 2384 ἐθέλειν
756 2348 1016 2396 σωφρονεῖν
1054 2339 1146 2385 ὑπό
1184 2356 1312 2391 τινος
1348 2340 1490 2398 τυχὸν
1523 2338 1779 2392 ἐξουσίας
1764 2339 1790 2394 ἠ

106 2399 304 2444 πλούτου
336 2398 364 2455 ἢ
395 2399 608 2444 τοιούτου
644 2399 772 2450 τινὸς
803 2399 963 2454 ἄλλον,
1004 2400 1065 2450 ὡς
1090 2426 1144 2432 --
1170 2400 1250 2443 καὶ
1282 2358 1507 2472 Λιβάνιος
1543 2399 1593 2443 ἐν
1624 2406 1677 2456 τῇ
1710 2406 1791 2443 τοῦ

104 2455 325 2516 Αχιλλέως
349 2457 578 2528 ἀπολογία
699 2463 726 2502 4
750 2459 988 2514 μεθύειν1
970 2459 1072 2503 Mor
1095 2459 1177 2502 sed
1202 2476 1256 2515 γρ
1282 2455 1599 2513 ἐπαίρεσθαι
1586 2473 1635 2501 m
1659 2471 1793 2515 marg

222 2521 248 2561 5
279 2525 362 2561 τοῦ
394 2506 570 2562 inseru1
602 2531 626 2562 e
660 2518 853 2563 MaCan
914 2533 989 2562 om
1013 2517 1182 2574 reliqui
1206 2517 1316 2561 libri
1341 2517 1432 2560 edd
1554 2522 1579 2561 6
1610 2517 1692 2561 τὸν
1718 2532 1791 2562 om

105 2575 205 2620 Mor
327 2582 348 2620 7
374 2575 579 2645 ...ἐκείνοις
603 2577 753 2622 Boan
781 2579 786 2633 Ι
814 2579 981 2634 postu
985 2575 1035 2623 ὲν
1067 2591 1141 2621 ras
1168 2582 1192 2620 3
1218 2576 1298 2620 litt
1324 2578 1413 2621 Ma
1440 2579 1446 2632 Ι
1475 2573 1559 2621 οὖν
1592 2590 1668 2621 om
1694 2577 1792 2621 Can

110 2637 115 2689 ἱ
144 2639 167 2678 7
186 2637 234 2679 et
250 2634 310 2679 9
295 2635 353 2680 ἂν
371 2636 546 2680 inserui
607 2650 683 2680 om
698 2636 808 2680 libri
825 2637 913 2680 edd
1037 2642 1063 2681 8
1081 2634 1291 2692 πολέμων
1308 2636 1410 2679 Mor
1436 2638 1442 2692 Ι
1471 2635 1495 2679 ὁ
1514 2635 1671 2680 ante
1649 2652 1791 2691 εκτωρ

109 2695 197 2738 Μα
227 2695 316 2739 edd
379 2695 533 2739 delevi
655 2699 710 2738 10
740 2703 838 2747 τοῖς
861 2722 919 2727 -
946 2702 999 2740 12
1033 2693 1292 2763 μαρτυρίαν
1325 2695 1497 2739 omissa
1528 2695 1615 2752 γὰρ
1646 2695 1792 2751 parti-

108 2752 212 2797 cula
235 2754 352 2798 cibat
367 2754 528 2798 Macar
544 2754 622 2798 fol.
641 2758 722 2798 95v
846 2760 895 2798 11
917 2755 1070 2799 αὑτῶν
1089 2754 1254 2810 scripsi
1273 2767 1297 2797 e
1317 2754 1375 2796 M
1377 2755 1559 2799 BLaur
1573 2754 1733 2797 Macar

109 2813 260 2858 αὐτῶν
283 2813 453 2869 reliqui
475 2813 586 2858 libri
619 2814 709 2857 edd
832 2819 885 2858 12
912 2817 985 2859 δεῖ
1005 2814 1130 2858 inser
1150 2813 1260 2858 Ma²
1285 2815 1292 2869 Ι
1320 2812 1578 2869 μαρτυρίαν
1599 2815 1685 2857 Μα
1710 2813 1790 2858 sed

108 2916 198 2955 μαρ
219 2901 268 2945 in
290 2915 366 2945 ras
382 2902 452 2944 m’
478 2905 484 2957 Ι
513 2900 555 2945 δ’
586 2900 840 2961 ἐβουλόμην
855 2902 958 2946 Mor
1080 2908 1133 2946 14
1158 2887 1372 2957 πολέμου
1386 2903 1484 2947 Can
1615 2907 1667 2945 17
1701 2902 1790 2947 ειτε

109 2958 241 3004 Lam·
267 2962 275 3017 Ι
300 2958 437 3017 λόγου
477 2961 535 3005 Vi

1349 3035 1435 3078 20*
