2054 3192
550 134 779 179 LIBANII
811 132 1114 178 APOLOGIA
1147 131 1432 176 SOCRATIS
1763 133 1831 184 41

252 272 338 324 48.
403 269 567 323 Τουτὶ.
622 270 724 340 μὲν
771 265 899 337 οὖν,
955 265 996 322 ὦ
1045 269 1267 336 ἄνδρες,
1322 275 1594 321 τοσοῦτον
1641 268 1708 321 ὃν
1748 266 1835 334 ἐῶ,

142 361 318 414 ἐκεῖνο
360 358 408 412 δ’
456 359 627 412 αὐτὸν
659 358 942 429 ἐρήσομαι·
987 357 1288 425 Σωκράτης
1329 355 1501 423 ἐμίσει
1537 358 1639 425 τὴν
1671 357 1834 426 δημο-

140 450 386 519 κρατίαν,
413 446 621 516 Ἄνυτε,
650 447 740 500 καὶ
764 447 1044 516 τύραννον
1068 444 1240 513 ἡδέως
1273 444 1342 498 ἂν
1375 441 1524 498 εἶδεν
1557 445 1836 514 ἐφεστῶτα

139 546 203 608 τῇ
242 539 425 601 πόλεις
473 539 599 589 τίνα
637 543 861 599 τοῦτον;
907 535 958 604 ἥ,
1004 536 1144 604 πρὸς
1182 536 1347 602 Διός,
1392 533 1584 603 αὑτόν;
1633 534 1836 604 ῥᾳδίως

140 624 184 695 γ’
230 625 299 678 ἂν
332 625 360 679 ὁ
401 627 702 695 ἄνθρωπος
742 623 1140 692 ἐμισθοδότησε
1180 624 1536 692 δορυφόρους
1566 621 1657 676 καὶ
1698 621 1836 686 ξενι-
1882 644 1902 676 5

137 716 238 768 κὸν
279 717 651 783 συνεστήσατο
692 712 782 767 καὶ
823 715 1064 775 πολλοὺς
1105 711 1317 774 οἰκέτας
1358 713 1611 765 ὥπλισεν.

247 803 334 855 49.
376 802 523 857 Ἀλλ’
567 803 762 865 αὐτὸς
793 799 910 871 μὲν
943 802 1061 855 οὐκ
1094 799 1306 854 ἐδεῖτο
1338 808 1452 854 τοῦ
1486 804 1833 870 σχήματος,

73 949 78 954 ,
139 891 240 945 ἑτέ
248 912 402 962 ρους
427 889 478 943 δ’
509 890 712 959 ἐνῆκε.
752 891 920 943 πάλιν
943 893 1139 943 τοίνυν
1164 891 1344 959 ὥσπερ
1371 890 1546 957 ἠδίκει
1571 890 1642 958 μὴ
1667 890 1835 943 πάλαι

137 982 344 1049 κρίνων
377 979 700 1047 Σωκράτην,
728 1019 946 1031 ........
973 980 1023 1031 εί
1060 979 1164 1046 γὰρ
1205 978 1326 1031 ὅσοι
1366 978 1541 1049 τούτῳ
1576 977 1834 1046 συγγεγέ-

136 1090 332 1138 νηνται
365 1067 770 1137 διεφθαρμένοι
793 1067 1130 1136 τυγχάνουσι
1162 1067 1253 1119 καὶ
1284 1076 1659 1135 καταφρονεῖν
1684 1065 1832 1120 ἐπαι-
1860 1089 1902 1121 10

137 1159 425 1226 δεύθησαν
464 1167 576 1210 τῶν
614 1159 819 1223 νόμων,
860 1159 917 1208 τί
951 1156 1151 1222 μαθὼν
1184 1156 1250 1208 οὐ
1290 1156 1497 1218 πάντας
1535 1155 1671 1224 ὑμῖν
1709 1157 1833 1208 τού-

135 1267 265 1309 τους
302 1246 607 1315 παρέδωκες
646 1249 704 1298 τί
739 1247 809 1314 μὴ
851 1246 986 1298 κατὰ
1025 1244 1249 1297 πάντων
1296 1243 1598 1314 (ἐπενήνοχε
1642 1241 1646 1315 J
1728 1249 1923 1294 R11118

135 1336 376 1405 γραφάςς
432 1334 499 1388 οὐ
547 1336 651 1404 γὰρ
700 1334 768 1402 δὴ
823 1334 923 1387 τὸν
969 1334 1070 1402 μὲν
1120 1337 1545 1401 παρακαλοῦντα
1591 1334 1730 1402 πρὸς
1768 1334 1833 1385 τὰ

135 1425 352 1492 πονηρὰ
416 1425 571 1491 δίκης
626 1421 784 1486 ἄξιον
838 1421 1155 1492 νομιστέον,
1211 1419 1276 1475 δι’
1337 1417 1415 1474 ὧν
1471 1419 1530 1474 δὲ
1585 1423 1649 1474 τὰ
1700 1419 1833 1492 ἔργα

135 1511 410 1582 ἐπράχθη,
465 1513 683 1575 τούτοις
730 1513 798 1580 δὴ
847 1512 932 1564 δεῖ
980 1509 1170 1582 πρᾴως
1225 1513 1383 1580 ἔχειν.
1439 1511 1570 1564 οὐδὲ
1616 1512 1720 1581 γὰρ
1773 1509 1834 1564 ἐν
1858 1533 1899 1566 15

255 1737 279 1775 5
313 1731 442 1774 Dem.
469 1746 500 1788 p
542 1735 641 1784 265,
663 1735 716 1773 13
833 1733 858 1772 8
892 1729 1035 1774 Thuo.
1061 1729 1124 1774 VI
1150 1734 1264 1784 29‚3
1388 1734 1413 1773 8
1447 1729 1504 1774 cf.
1529 1745 1573 1786 p.
1602 1734 1672 1783 35,
1692 1735 1745 1774 12
1765 1745 1830 1786 sq.

256 1945 276 1982 1
314 1936 399 1982 οὖν
431 1938 606 1982 inserui
638 1951 694 1982 ex
718 1939 811 1982 Ath
824 1938 988 1982 UVaB
1021 1953 1124 1982 cum
1156 1939 1260 1995 Rog
1321 1953 1395 1983 om
1430 1941 1518 1983 Ma
1550 1938 1652 1983 Mor
1668 1938 1735 1982 Re

136 2003 160 2041 5
179 1998 267 2055 γὰρ
286 1996 345 2041 ἂν
362 1997 523 2042 Iacobs
541 1998 654 2041 Lect
673 2001 755 2040 195
785 1998 790 2055 Ι
820 1996 844 2041 ὃ
863 1997 1119 2052 ἄνθρωπος
1136 1998 1300 2054 scripsi
1319 2012 1374 2042 ex
1391 1999 1486 2042 Ath
1547 1998 1833 2054 ἀνθρώπους

139 2057 403 2101 MaUVaB
436 2057 540 2114 Rog
602 2056 857 2111 ἄνθρωπος
887 2056 1073 2100 MorRe
1117 2060 1122 2114 Ι
1165 2057 1452 2113 δορυφόροις
1475 2058 1569 2102 Ath
1689 2062 1711 2100 7
1746 2057 1830 2101 οὐκ

136 2116 282 2161 ἐδεῖτο
305 2116 494 2172 reposui
519 2131 543 2159 e
567 2114 701 2158 libris
727 2117 914 2160 auctore
941 2116 1007 2159 Re
1026 2131 1131 2160 cum
1148 2117 1251 2172 Rog
1313 2118 1367 2160 οὐ
1394 2119 1518 2160 ὃεῖτο
1543 2114 1647 2160 Mor
1663 2116 1730 2159 Re

135 2180 161 2219 8
187 2175 321 2232 ἐνῆκε
347 2175 511 2231 scripsi
529 2188 553 2218 e
569 2176 659 2219 Ma
670 2175 834 2220 UVaB
860 2175 950 2219 coll
974 2175 1117 2220 Thuc.
1144 2176 1173 2220 l.
1192 2176 1223 2219 l.
1249 2177 1383 2234 ἐνῆγε
1409 2177 1503 2220 Ath
1527 2175 1618 2219 edd
1646 2177 1651 2232 Ι
1681 2174 1831 2230 ὥσπερ

135 2234 383 2278 delendum
418 2234 599 2279 censuit-
622 2234 690 2278 Re
750 2242 848 2285 πῶς
879 2235 964 2278 οὐκ
995 2235 1158 2279 Iacobs
1183 2235 1291 2278 Add
1316 2239 1400 2279 357
1435 2232 1569 2286 οὗτος
1591 2235 1704 2278 Leet
1731 2238 1830 2289 195,

134 2295 196 2345 ὡς
219 2293 368 2348 πάρος
391 2294 487 2338 Not
507 2298 559 2338 18
586 2296 654 2350 (ab
678 2292 827 2349 πάρος
852 2294 911 2337 ab
936 2308 1024 2337 usu
1048 2295 1309 2339 Libaniano
1335 2294 1571 2350 abhorret)
1635 2294 1695 2343 ὡς
1718 2292 1831 2348 πρό-

132 2369 267 2408 τερον
285 2353 488 2396 Sintenis
517 2355 523 2410 Ι
552 2350 662 2409 ἠδίκ
681 2367 783 2396 cum
801 2366 875 2396 ras
894 2357 919 2396 2
937 2352 1017 2396 litt
1042 2354 1085 2398 U
1141 2354 1169 2410 ἡ
1188 2352 1294 2410 δίκη
1323 2355 1390 2398 Va
1451 2354 1609 2397 ἀδικεῖ
1623 2353 1828 2397 Sintenis

138 2413 140 2469 ἰ
177 2411 323 2455 πάλαι
354 2412 538 2468 reposui
563 2426 587 2455 e
619 2412 751 2455 libris
776 2412 1046 2456 auctoribus
1069 2413 1278 2457 Iacobsio
1312 2415 1359 2456 et
1384 2412 1565 2456 Sinteni
1598 2426 1702 2456 cum
1726 2411 1830 2468 Rog

132 2470 273 2514 πάλιν
306 2471 408 2514 Mor
426 2471 492 2515 Re
523 2471 605 2526 qui
638 2470 889 2514 delendum
922 2472 1103 2515 censuit
1225 2477 1249 2515 9
1283 2473 1390 2528 post
1422 2471 1677 2528 Σωκράτην
1701 2471 1829 2514 lacu-

133 2543 240 2573 nam
266 2530 471 2574 indicavi
497 2544 602 2573 cum
627 2529 802 2574 Cobeto
821 2530 990 2575 Mnem.
1009 2531 1072 2574 III
1100 2535 1182 2574 146
1209 2531 1290 2587 qui
1315 2530 1434 2575 οὕτω
1459 2531 1539 2574 καὶ
1565 2538 1652 2575 νῦν
1676 2531 1832 2575 ἀδικεῖ

134 2588 278 2645 μόνον
305 2589 350 2642 ἐξ
375 2588 598 2634 ἁπάντων
622 2587 796 2645 κρίνων
822 2589 1080 2646 Σωκράτην
1106 2590 1331 2633 excidisse
1361 2590 1562 2634 coniecit
1659 2594 1708 2632 11
1737 2596 1829 2632 τῶν

133 2647 289 2703 νόμων
327 2648 513 2704 reposui
546 2662 570 2692 e
601 2647 734 2691 libris
773 2650 963 2692 auctore
1002 2649 1069 2692 Re
1103 2664 1207 2693 cum
1241 2649 1343 2706 Rog
1418 2649 1499 2692 τὸν
1543 2646 1687 2704 νόμον
1728 2648 1830 2691 Mor

133 2706 201 2750 Re
237 2709 242 2762 Ι
277 2709 449 2751 παθὼν
482 2707 585 2764 Rog
619 2710 624 2763 1
659 2707 769 2763 ὑμῖν
800 2708 987 2764 reposui
1019 2722 1043 2751 e
1076 2707 1208 2751 libris
1271 2708 1381 2764 ἡμῖν
1414 2708 1505 2751 edd
1629 2712 1681 2750 12
1715 2708 1828 2751 ἀπε-

133 2764 302 2823 νήνοχε
334 2766 520 2821 reposui
552 2780 577 2810 e
601 2765 734 2809 libris
768 2767 850 2810 sed
882 2767 1070 2811 evanuit
1100 2767 1149 2810 in
1185 2769 1272 2811 Ma
1333 2765 1585 2824 ἐπενήνοχε
1617 2766 1708 2810 edd

136 2828 190 2868 13
230 2823 313 2874 τὰς
344 2827 454 2868 ante
484 2824 674 2882 γραφάς
705 2825 795 2868 edd
859 2826 1011 2869 delevi
1136 2832 1189 2869 15
1230 2824 1290 2870 ἂν
1330 2828 1438 2869 ante
1471 2824 1686 2883 ἐπράχθη
1719 2825 1828 2868 libri

134 2882 226 2926 edd
287 2883 437 2928 delevi
482 2886 669 2928 auctore
714 2883 869 2928 Gasda
919 2885 924 2943 Ι
975 2885 1034 2942 δὴ
1076 2885 1251 2929 inserui
1284 2898 1309 2929 e
1339 2884 1473 2928 libris
1551 2899 1625 2929 om
1669 2884 1760 2927 odd
1818 2884 1823 2942 Ι

132 2941 293 2996 πράως
331 2943 418 2987 UB
