2054 3192
156 650 176 682 5

1336 65 1370 78 N

204 138 273 189 70
689 135 918 180 LIBANII
949 134 1340 179 DECLAMATIO
1372 135 1394 178 I

201 273 309 326 ὑπὸ
349 280 445 341 τῆς
482 272 808 341 μαρτυρίας,
859 280 972 324 τῶν
1011 269 1057 323 δ’
1107 267 1177 324 αὖ
1217 271 1595 340 φθονούντων
1634 273 1899 325 εἰκόντων

201 362 347 433 αὐτῷ
397 368 491 429 τῆς
539 358 624 430 ἐφ’
687 359 920 414 ἑκάστου
976 357 1245 428 γνώσεως.
1334 360 1453 412 101.
1509 359 1572 413 ἐν
1627 357 1732 414 οὖν
1783 368 1899 423 τοῖς

201 450 339 519 πρὸς
399 451 530 513 τοὺς
590 448 753 512 νέους
815 452 1003 518 λόγοις
1056 450 1113 502 τί
1163 448 1234 502 ἂν
1287 446 1399 502 ἔδει
1457 450 1750 519 Πινδάρου
1805 449 1897 502 καὶ

202 539 524 607 Σιμωνίδου
571 539 663 592 καὶ
709 547 953 607 ποιητῶν
991 539 1124 608 μετὰ
1162 539 1258 601 τὰς
1299 537 1357 590 ἐκ
1397 542 1642 608 Δελφῶν
1682 539 1895 608 φωνάς;

202 628 382 697 ὥσπερ
439 618 508 680 ἄν
561 647 644 691 τις
697 630 839 697 ε”χων
894 628 1174 697 μάρτυρας
1234 629 1365 690 τοὺς
1427 628 1687 690 δικαστὰς
1748 625 1895 680 τοῦτ’

202 715 360 786 ἀφεὶς
410 716 691 789 ἀνθρώπῳ
739 718 961 788 καπήλῳ
1012 715 1306 786 προσέχειν
1362 716 1536 784 ἀξιοίη
1578 726 1689 770 πᾶν
1729 716 1898 785 ἀργυ-

203 809 328 874 ριόυ
353 808 657 874 ποιήσοντι.
699 806 830 874 ἐνῆν
854 807 1049 859 τοίνυν
1072 811 1148 877 τῷ
1175 806 1458 875 Σωκράτει
1483 809 1897 876 παρακαλοῦντι

113 899 307 944 RH135
383 896 521 964 πρὸς
582 897 647 948 τὰ
710 896 872 964 χείρω
936 904 1051 957 τοῖς
1113 894 1215 948 οὐκ
1277 892 1564 947 ἐνδιδοῦσι
1629 893 1827 963 λέγειν,
1888 893 1894 965 Ι

137 1094 180 1126 10

138 1538 180 1571 15

203 984 286 1036 ’ὅτι
325 982 508 1037 ταῦθ’
555 984 714 1053 ὑμῖν
745 986 1041 1054 νομίζετε
1073 985 1190 1052 τὴν
1224 984 1493 1036 Πυθίαν
1523 994 1899 1054 παραινεῖν,

203 1081 405 1125 ταῦτα
465 1074 576 1126 τὸν
638 1073 762 1126 ὑπὸ
825 1079 907 1145 τῷ
972 1077 1338 1144 Παρνασσῷ
1409 1075 1897 1143 μαντευόμενον

203 1164 378 1214 θεόν.
420 1161 674 1224 ἐκεῖνός
712 1182 785 1230 με
823 1161 1092 1230 κέκληκε
1140 1162 1541 1230 σοφώτατον.
1597 1164 1689 1224 εἰς
1736 1161 1899 1215 έκεῖ-

204 1270 344 1318 νον,
385 1252 461 1304 ἄν
502 1271 600 1314 τις
639 1251 1002 1320 ἀντιτείνῃ,
1041 1255 1414 1319 πλημμελεῖ.
1462 1251 1676 1304 τούτων
1714 1249 1900 1313 οὐδεὶς

205 1339 409 1392 οὐδένα
448 1340 644 1408 ἀκήκοε
683 1350 796 1393 τῶν
841 1342 1021 1409 λόγων
1069 1339 1201 1393 οὐδὲ
1246 1340 1505 1408 τολμήσει
1539 1338 1763 1402 Ἄνυτος
1808 1338 1898 1392 καὶ

204 1436 368 1481 τοῦτο
409 1429 726 1492 ψεύσασθαι
765 1430 942 1482 καίτοι
982 1432 1340 1497 κατατολμῶν
1370 1438 1482 1481 τῶν
1513 1430 1775 1497 μεγίστην
1807 1429 1899 1482 δό-

205 1517 304 1581 ξαν
358 1517 596 1587 ἐχόντων
653 1517 740 1571 ἐπὶ
797 1520 979 1588 σοφίᾳ.
1042 1524 1117 1590 τῷ
1172 1521 1369 1571 τοίνυν
1432 1515 1676 1570 ἐνταῦθα
1739 1519 1899 1586 δόξης

207 1605 453 1675 ἑστηκότι
493 1608 548 1660 τί
584 1609 861 1676 περιόδων
899 1604 1013 1659 ἔδει
1054 1605 1315 1676 μέγιστον
1347 1606 1579 1676 ἐφόδιον
1611 1608 1687 1669 εἰς
1719 1608 1898 1660 πειθὼ

206 1699 309 1763 τὴν
356 1694 443 1749 ἐπὶ
493 1697 663 1766 σοφίᾳ
709 1699 898 1766 φήμην
945 1698 1147 1765 ἔχοντι;
1215 1695 1335 1748 102.
1375 1695 1493 1749 νέοι
1543 1692 1603 1748 δὲ
1648 1695 1900 1764 πατέρων

302 1889 388 1997 ll}
415 1884 568 1987 [ἔξω]
607 1884 728 1942 apol.
762 1891 785 1939 ξ
822 1890 875 1929 14
1030 1891 1082 1929 17
1129 1885 1242 1929 Xon.
1278 1900 1441 1930 comm.
1473 1886 1495 1929 Ι
1527 1891 1566 1937 2,
1586 1890 1640 1929 49
1676 1888 1723 1929 eb
1755 1890 1810 1930 51
1829 1901 1896 1942 sq.
1957 1918 1965 1924 .

208 1957 298 1999 apo
322 1978 331 1987 .

327 2126 347 2163 1
392 2118 581 2165 εἰκότων
615 2123 704 2166 Μα
827 2128 851 2165 2
894 2121 1069 2166 ἑκάστω
1104 2123 1192 2166 Μα
1315 2127 1340 2165 3
1381 2120 1461 2180 αν]
1495 2122 1552 2178 δὴ
1593 2122 1697 2167 coni
1734 2122 1897 2165 Hefer-

205 2179 331 2224 mehl
451 2186 479 2224 4
513 2181 639 2239 <τῶν
670 2181 882 2240 λοιπῶν)
914 2188 1148 2238 ποιητῶνὶ)
1199 2184 1204 2238 1
1255 2183 1451 2237 Δελφῶν
1482 2182 1671 2238 reposui
1707 2194 1732 2225 e
1763 2180 1896 2224 libris

207 2253 311 2282 cum
350 2239 452 2296 Rog
528 2243 715 2295 Δελφοῦ
754 2241 857 2284 Mor
873 2241 940 2284 Re
1083 2248 1109 2283 ὁ
1149 2241 1340 2291 τούτους
1387 2241 1492 2284 coni
1539 2241 1605 2284 Re
1654 2242 1701 2284 et
1737 2240 1898 2285 Naber

265 2298 509 2342 oblocutus
542 2301 614 2342 est
642 2300 804 2343 Iacobs
837 2299 950 2344 Lech
983 2304 1067 2344 198
1099 2299 1195 2344 Noe
1227 2305 1282 2343 32
1403 2305 1444 2343 7
1475 2297 1705 2374 ἀργυρίου
1738 2300 1783 2343 Β
1815 2300 1897 2344 sed

207 2374 279 2401 ιου
313 2358 359 2400 in
392 2372 465 2401 ras
490 2358 560 2401 m²
695 2364 720 2402 8
754 2360 838 2403 οὐκ
871 2358 1108 2404 ἐνδιδοῦσι
1140 2359 1304 2416 Scripsi
1366 2358 1416 2402 ἐν
1449 2356 1519 2409 οἷς
1549 2360 1733 2403 διδοῦσι
1757 2359 1903 2403 ΜαΠ

206 2415 286 2459 sed
327 2416 348 2459 ἐ
385 2419 432 2460 et
471 2424 490 2459 ῑ
527 2431 649 2473 eras,
692 2419 808 2463 VaB
886 2418 1004 2475 ἐνη
1043 2420 1229 2463 διδοῦσι
1265 2419 1357 2462 Ath
1435 2418 1671 2462 ἐνδιδοῦσι
1709 2417 1812 2462 Mor
1827 2417 1895 2461 Re

207 2475 286 2530 qui
319 2483 511 2519 συνοῦσι
543 2452 649 2520 coni,
708 2477 768 2533 μὴ
797 2437 1032 2522 ἐνδιδοῦσι
1063 2477 1225 2521 Iacobs
1257 2477 1370 2521 Lech
1403 2481 1487 2520 198
1519 2477 1614 2521 Not
1646 2482 1700 2520 32
1764 2477 1895 2533 ἐνδη-

205 2541 341 2590 μοῦσι
381 2548 405 2578 e
449 2535 538 2578 Par
571 2540 682 2579 3017
724 2536 827 2592 Rog
903 2536 1111 2592 ὁμιλοῦσι
1151 2536 1295 2580 Cobet
1438 2541 1463 2580 9
1505 2535 1615 2592 ἡμῖν
1654 2536 1756 2580 Mor

208 2599 258 2636 11
305 2593 423 2637 θεὸν
456 2595 500 2637 Β
533 2595 615 2638 sed.
659 2595 713 2638 ὸν
756 2595 805 2637 in
847 2609 922 2639 ras
966 2595 1036 2638 m²
1085 2599 1089 2650 Ι
1141 2595 1316 2645 ἐκεῖνος
1358 2594 1441 2651 μὲν
1484 2596 1599 2639 VaB
1670 2594 1755 2651 γὰρ
1788 2596 1896 2650 post

206 2653 288 2706 μὲν
321 2653 366 2696 Β
489 2657 542 2695 12
576 2652 635 2697 ἄν
669 2654 834 2710 scripsi
866 2668 891 2698 e
922 2653 1054 2698 libris
1117 2653 1199 2698 ἐάν
1232 2654 1324 2698 edd
1352 2656 1357 2710 Ι
1384 2657 1602 2710 πλημελεῖ
1631 2655 1717 2697 Ma
1729 2654 1895 2699 UVaB

207 2711 263 2754 cf.
297 2713 329 2754 13.
362 2710 425 2754 ΙΠ
457 2716 557 2765 343
575 2718 602 2756 4
645 2714 650 2769 Ι
694 2714 849 2762 οὐδεὶς
887 2727 963 2756 om
1002 2713 1106 2770 Rog
1254 2718 1307 2757 13
1350 2710 1452 2757 οὐδ’
1476 2710 1743 2780 ἐτόλμησεν
1789 2712 1895 2756 coni

207 2769 409 2814 Sintenis
489 2771 707 2827 τολμήσαι
747 2773 840 2815 Ath
978 2778 1032 2816 14
1065 2775 1360 2829 κατατολμῶν
1400 2771 1564 2828 scripsi
1603 2773 1791 2815 auctore
1822 2771 1894 2814 Ia-

206 2829 364 2873 cobsio
406 2830 512 2873 Add
552 2835 608 2873 64
651 2830 746 2874 Not
789 2835 843 2873 32
888 2832 1303 2887 (κατατολμώντων
1350 2831 1463 2875 Lect
1502 2835 1585 2874 199
1633 2831 1738 2887 App
1783 2830 1893 2874 Pors

205 2888 515 2990 ῗῆ1)15οκατὰ
565 2896 656 2933 τῶν
706 2886 855 2945 λόγων
906 2889 1014 2932 libri
1061 2890 1152 2933 edd
1240 2891 1484 2948 καταβοῶν
1531 2889 1676 2933 Cobet
1722 2889 1892 2933 Mnem.
