2026 3192
246 133 352 186 318
727 133 955 177 LIBANII
985 133 1377 178 DECLAMATIO
1408 135 1450 179 V

244 265 314 336 ἦν
353 269 444 322 καὶ
484 268 935 338 λυσιτελέστερον
980 270 1113 336 μετὰ
1158 279 1271 322 τῶν
1310 271 1494 324 ἄλλων
1532 273 1799 324 τεθνάναι
1837 274 1946 341 τὴν

244 360 416 428 κόρην
453 357 486 426 ἢ
529 360 705 412 σῶσαί
745 377 804 411 τε
850 360 981 420 τοὺς
1027 359 1230 421 ἄλλους
1276 360 1366 412 καὶ
1413 359 1587 429 αὐτὴν
1634 366 1944 431 σεσῶσθαι;

244 446 331 499 24.
371 448 450 499 ἔτι
490 451 699 515 τοίνυν,
740 449 788 500 εἰ
826 444 928 516 μὲν
967 446 1087 516 ἐμοὶ
1126 451 1623 518 παραχωρήσεσθαι
1663 456 1758 517 τῆς
1791 453 1938 519 Χρυ-

245 536 437 604 σηίὸος
483 532 708 605 ἔμελλεν
753 535 786 605 ἢ
827 536 1028 589 Αἴαντι
1081 535 1114 604 ἢ
1163 535 1428 606 Ἰδομενεῖ
1481 536 1514 606 ἢ
1570 539 1658 591 σοὶ
1712 538 1746 606 ἢ
1800 538 1944 602 ὅλως

200 644 219 677 5
244 623 562 694 ἀνθρώπων
608 626 745 693 τινί,
794 623 911 678 οὐδ’
961 625 1105 678 οὕτω
1145 622 1247 692 μὲν
1294 624 1459 695 ἐχρῆν
1498 625 1849 696 ἀγανακτεῖν,
1882 629 1942 680 ἐἰ

243 720 343 765 τοῦ
383 713 766 782 συμφέροντος
805 713 834 767 ὁ
874 715 1135 782 λογισμὸς
1179 713 1429 767 ἐνταῦθα
1474 711 1631 784 ἦγεν,
1678 712 1833 780 ἔδοξε
1882 714 1930 769 δ’

245 800 315 854 ἂν
354 801 455 855 οὐκ
493 799 595 866 ἔξω
635 803 854 871 φύσεως
894 802 1254 872 ἀνθρωπίνης
1296 799 1439 856 εἶναι
1485 804 1546 856 τὸ
1587 804 1790 867 πάθος·
1831 812 1942 857 νῦν

245 887 306 942 δὲ
351 891 487 953 θεὸς
532 887 602 959 ἦν
643 891 671 944 ὁ
710 893 812 961 τὴν
859 893 1162 961 ἄνθρωπον
1208 891 1629 961 ἀπολαμβάνων.
1683 898 1837 946 θεῶν
1876 890 1938 946 δὲ

243 979 514 1047 ἡττᾶσθαι
570 987 679 1032 ποῦ
735 982 1004 1050 λυπηρόν;
1065 980 1097 1048 ἢ
1154 982 1235 1043 τίς
1289 982 1546 1051 αἰσχύνης
1609 984 1660 1034 εἰ
1716 983 1820 1051 γὰρ
1875 983 1941 1035 τὸ

178 1089 221 1120 10
245 1076 524 1138 σκῆπτρον
565 1067 815 1122 ἐκέλευεν
855 1069 1206 1138 ἀποθέμενον
1246 1069 1308 1123 ἐν
1346 1069 1624 1139 ὑπηρέτου
1662 1070 1813 1140 μέρει
1854 1071 1936 1122 δι-

244 1155 418 1226 άγειν,
459 1157 561 1210 οὐκ
600 1155 768 1226 ἐχρῆν
807 1158 1025 1226 ἀγαπᾶν
1063 1157 1153 1211 καὶ
1187 1166 1349 1211 τοῦτο
1389 1161 1632 1227 νομίζειν
1670 1161 1840 1212 καλόν
1879 1178 1938 1211 τε

242 1246 332 1298 καὶ
372 1254 635 1313 γενναῖον
674 1247 807 1315 ὅπερ
847 1245 1056 1309 ἐκεῖνος
1087 1225 1439 1318 προσέταττες
1477 1246 1568 1302 καὶ
1608 1248 1718 1317 μὴν
1755 1249 1803 1300 εἰ
1834 1247 1942 1316 μὲν

243 1335 392 1387 ἄκων
429 1335 583 1404 ἠφίει
622 1336 723 1404 τὴν
759 1338 949 1405 κόρην,
990 1335 1189 1406 ἐχθρὸς
1227 1332 1298 1404 ἦν
1336 1342 1411 1408 τῷ
1442 1342 1579 1408 θεῷ·
1621 1337 1669 1389 εἰ
1708 1334 1756 1389 δ’
1796 1334 1941 1388 ἑκὼν

152 1427 274 1471 RIV
291 1432 346 1472 56
425 1423 747 1493 ἀνεβίβαζεν
787 1426 863 1487 εἰς
912 1425 1013 1493 τὴν
1058 1432 1228 1492 ναῦν,
1281 1435 1397 1488 πῶς
1436 1424 1469 1477 ἃ
1508 1423 1632 1494 μεθ’
1679 1425 1883 1493 ἡδονῆς
1924 1421 1933 1496 Ι

176 1533 218 1566 15
242 1508 487 1582 ἔπραττε,
525 1513 741 1566 τούτων
779 1513 1156 1582 εἰσεπράττετο
1196 1514 1379 1583 δίκην;

356 1600 441 1654 25.
497 1605 957 1670 Συλλογίσασθαι
1012 1602 1079 1670 δὴ
1134 1603 1402 1671 βούλομαι
1464 1604 1559 1666 τὰς
1622 1602 1938 1672 εὐεργεσίας

363 1722 389 1761 4
419 1717 471 1761 Il.
506 1736 536 1761 α
570 1722 654 1761 145
779 1722 833 1760 14
864 1717 916 1761 Il.
950 1731 991 1761 α’
1013 1722 1099 1762 310

366 1827 387 1865 1
422 1820 791 1866 λυσιτελέστατον
822 1821 924 1866 Mor
1069 1828 1093 1865 2
1126 1838 1173 1866 τε
1204 1821 1391 1878 reposui
1424 1835 1449 1866 e
1480 1821 1612 1865 libris
1646 1821 1708 1878 (τὲ
1741 1822 1821 1865 καὶ
1862 1823 1934 1877 Vz)

303 1895 378 1924 om
403 1881 495 1924 edd
616 1885 641 1924 3
665 1882 774 1936 post
797 1879 879 1936 μὲν
903 1895 979 1925 ras
998 1886 1023 1925 3
1047 1881 1128 1925 libb
1147 1882 1257 1926 Ma²
1285 1886 1290 1936 Ι
1318 1881 1744 1938 παραχωρήσεσθαι
1768 1881 1934 1936 scripsi

245 1955 268 1982 e
288 1940 664 1984 OrHLaBLaur
721 1939 1158 1997 παραχωρήσασθαι
1177 1942 1276 1986 Can
1335 1939 1689 1997 παραχωρήσειν
1715 1939 1826 1984 Ma²
1842 1940 1934 1984 edd

243 2007 578 2057 παραχωρῆσαι
620 2000 678 2043 Vi
797 2004 823 2043 4
855 1997 903 2057 ἢ]
937 2000 1015 2043 καὶ
1051 2001 1111 2045 Or
1137 2002 1143 2056 Ι
1170 2007 1231 2043 τῶ
1264 2001 1373 2055 anjze
1405 1998 1562 2044 αἶἀντι
1589 2000 1687 2044 Gan
1713 2001 1719 2056 Ι
1748 1997 1776 2054 ἢ
1808 1999 1938 2042 inser

247 2058 367 2103 Gan'
394 2062 400 2116 Ι
429 2059 501 2102 σοὶ
525 2057 552 2115 ἢ
579 2073 654 2102 om
681 2059 781 2104 Gan
902 2064 927 2102 5
954 2060 1192 2114 ἀνθρώπω
1210 2061 1286 2103 La
1298 2059 1456 2103 ViCan
1483 2060 1489 2114 Ι
1518 2058 1626 2103 οὐδὲ
1652 2058 1727 2102 La
1754 2061 1760 2112 Ι
1789 2056 1937 2109 οὕτως

244 2119 320 2162 La
331 2118 719 2162 ViMaLaurC'an
746 2122 752 2175 1
779 2121 887 2174 post
918 2119 958 2162 εἰ
981 2131 1057 2161 ras
1084 2123 1106 2161 1
1133 2118 1213 2162 litt
1238 2119 1327 2162 Ma
1448 2122 1472 2160 6
1503 2117 1645 2170 ἔδειξε
1670 2114 1718 2162 δ’
1746 2115 1806 2160 ἂν
1834 2118 1934 2162 Gan

304 2176 476 2229 ἔδειξεν
516 2175 576 2220 ἂν
615 2176 717 2236 MQr
755 2178 836 2221 sed
876 2195 930 2234 γρ
972 2177 1100 2231 ἔδοξε
1140 2175 1187 2221 δ’
1223 2178 1272 2220 in
1310 2191 1444 2233 marg
1588 2181 1611 2219 7
1651 2177 1702 2220 τὸ
1741 2183 1934 2233 πρᾶγμα

245 2232 366 2281 εἶναι
405 2236 465 2280 Vi
489 2236 496 2294 Ι
523 2235 684 2286 πάθος
717 2239 804 2281 Ma
836 2238 918 2280 sed
950 2254 1003 2292 γρ
1036 2244 1226 2293 πρᾶγμα
1266 2249 1480 2292 suprascr
1509 2235 1578 2278 m⁸
1698 2239 1724 2278 8
1765 2234 1788 2279 ὁ
1822 2237 1931 2278 ante

243 2295 357 2345 θεὸς
375 2296 491 2340 GrH
514 2297 520 2350 Ι
547 2295 797 2354 λαμβάνων
817 2296 1065 2340 GrHLaur
1126 2296 1268 2339 αἰτῶν
1287 2296 1376 2339 Μα
1401 2295 1481 2338 sed
1507 2311 1560 2350 γρ
1585 2293 1934 2352 ἀπολαμβάνων

244 2368 459 2410 suprascr
488 2354 559 2397 m⁸
608 2366 612 2404 ι
662 2355 780 2399 θεὸν
823 2356 880 2399 Vi
944 2358 1074 2399 θεῶν
1104 2355 1207 2398 Mor
1245 2355 1325 2397 sed
1358 2371 1411 2410 γρ
1442 2357 1560 2398 θεοῦ
1599 2353 1648 2396 in
1678 2367 1814 2410 marg

245 2418 269 2455 9
303 2421 395 2457 ποῦ
428 2413 517 2457 Μα
551 2414 631 2457 sed
665 2415 881 2469 οὐδαμῶς
912 2427 1128 2470 suprascr
1157 2414 1227 2456 m³
1349 2418 1404 2455 10
1437 2413 1670 2457 ἐκέλευσεν
1705 2414 1792 2456 Ma
1820 2415 1825 2467 Ι
1853 2413 1931 2468 μέ·-
2012 2468 2016 2472 Δ

245 2488 315 2526 ρει
348 2473 436 2516 Μα
468 2473 550 2516 sed
582 2490 636 2529 γρ
669 2471 809 2529 μοίρα
841 2486 1055 2528 suprascr
1086 2473 1169 2528 m³‚
1202 2472 1303 2516 Mor
1339 2472 1419 2516 sed
1458 2470 1518 2527 γρ
1546 2470 1685 2531 μοίρᾳ
1716 2471 1766 2514 in
1796 2484 1934 2527 marg

303 2530 440 2587 μέρος
474 2531 574 2575 Gan
645 2530 784 2588 μοίρα
825 2533 881 2576 Vi
1025 2537 1076 2574 11
1114 2531 1250 2589 ἐχρῆν
1282 2533 1358 2576 La
1390 2531 1472 2575 sed.
1503 2548 1531 2587 η
1564 2544 1620 2574 ex
1651 2546 1691 2574 ει
1723 2544 1823 2574 corr
1853 2544 1886 2572 ‘n
1919 2531 1927 2585 ί

243 2597 410 2635 τοῦτον
434 2590 510 2634 La
537 2593 543 2646 Ι
571 2588 770 2646 νομίζων
788 2592 877 2634 Μα
999 2595 1052 2633 13
1077 2589 1208 2646 ἠφίει
1235 2590 1362 2635 ἄκων
1387 2590 1488 2633 Mor
1514 2591 1521 2648 Ι
1549 2590 1721 2647 ἐχθρὸς
1743 2588 1930 2644 reposui

245 2662 270 2693 e
301 2648 433 2692 libris
495 2650 670 2706 ἐχθρὸν
700 2651 746 2694 Β
778 2650 869 2693 edd
896 2652 902 2706 Ι
930 2647 1160 2694 ἀπόλλωνι
1204 2651 1260 2694 Vi
1285 2650 1291 2708 Ι
1319 2648 1371 2693 δὲ
1404 2651 1449 2693 Β
1572 2654 1627 2692 14
1659 2646 1931 2705 ἀνεβίβαζεν

245 2709 409 2764 scripsi
441 2722 465 2752 e
499 2708 944 2753 CrHMaLaurGan
975 2708 1078 2752 coll.
1102 2708 1153 2751 Il.
1179 2708 1208 2751 1.
1234 2708 1264 2752 l.
1327 2705 1590 2766 ἐνεβίβαζεν
1619 2707 1789 2762 reliqui
1820 2706 1930 2749 libri

245 2767 336 2810 edd
459 2771 511 2810 16
538 2766 916 2824 Συλλογίσασθαι
933 2793 987 2798 ——
1008 2771 1144 2822 319‚4
1170 2766 1375 2823 μάντεως
1399 2766 1515 2810 citat
1537 2765 1805 2822 praemissis
1828 2778 1931 2808 ver-

244 2826 316 2869 bis
355 2826 435 2869 καὶ
474 2825 615 2870 πάλιν
653 2829 761 2882 post
799 2826 1194 2884 βούλομαι-εἰπεῖν
1226 2828 1288 2882 (p.
1316 2831 1416 2880 333,
1435 2828 1475 2882 7)
1510 2824 1698 2881 Gregor.
1725 2823 1926 2868 Corinth.

246 2885 310 2935 εἰς
340 2885 391 2928 τὸ
430 2885 537 2939 περὶ
577 2883 785 2940 μεθόδου
826 2884 1089 2941 δεινότητος
1119 2885 1336 2942 Hermog.
1370 2885 1439 2927 ed.
1473 2883 1605 2927 Walz
1637 2884 1755 2927 rhet.
1786 2885 1819 2926 b.
1845 2882 1931 2925 VII

243 2958 287 2999 p.
318 2949 444 2997 1224,
463 2949 519 2987 24
538 2969 591 2975 —
613 2948 740 2997 1225,
759 2948 786 2986 4
