2026 3192
0 149 6 183 ξ

0 188 4 204 r

0 308 3 317 >

563 142 998 188 THEMISTOOLIS
1030 141 1361 187 ANTILOGIA
1701 143 1806 195 491

119 279 495 348 ἐπεμελούμην
535 278 772 348 ἐμαυτοῦ
811 281 874 332 τό
914 297 971 331 τε
1012 287 1166 346 σῶμα
1213 277 1304 331 καὶ
1351 279 1453 347 τὴν
1493 279 1676 348 ψυχὴν
1715 299 1811 346 γυ-

116 368 350 436 μνάζων,
391 364 553 430 οὗτος
591 365 654 421 δὲ
686 368 759 430 ὡς
788 367 986 435 ἥδιστα
1025 368 1231 436 διῆγεν.
1267 367 1302 436 ἡ
1337 368 1398 421 δὲ
1431 370 1606 438 μήτηρ
1645 366 1811 436 ἠσθέ-

118 477 228 525 νει,
282 466 394 510 τῶν
442 454 502 510 δὲ
551 458 754 526 ἰατρῶν
801 458 1079 524 λεγόντων
1133 457 1206 519 ὡς
1261 457 1405 527 λύπῃ
1454 464 1518 526 τῇ
1558 454 1672 509 κατ’
1720 455 1812 523 ἐμὲ

118 546 316 614 κάμνοι
371 546 463 598 καὶ
526 545 628 598 οὐκ
686 543 756 597 ἂν
819 545 1112 615 διαφύγοι,
1167 546 1380 598 τούτων
1435 545 1610 608 οὕτως
1664 543 1810 614 ἐχόν-

117 654 230 687 των
276 636 505 703 σιγήσας
559 630 720 696 οὗτος
774 633 949 703 ἀφῆκε
1002 635 1104 703 τὴν
1153 633 1359 705 μητέρα
1413 642 1477 704 τῇ
1524 636 1671 705 νόσῳ
1719 633 1811 686 καὶ
1858 655 1877 687 5

120 723 282 776 δυοῖν
337 723 647 792 ἀπήλλακτο
702 731 918 790 κακοῖν,
984 722 1118 789 ἐμοῦ
1181 743 1237 775 τε
1290 722 1559 791 κάκείνης.
1613 724 1814 791 χρόνος

117 813 251 878 μετὰ
289 819 460 864 ταῦτα
498 814 672 874 πολὺς
710 810 801 864 καὶ
840 812 1129 881 γράμματα
1168 813 1337 881 μυρία
1377 810 1467 864 καὶ
1502 815 1750 879 Νεοκλῆς
1782 811 1811 864 ὁ

121 900 299 964 αὐτός.

233 990 316 1043 13.
372 989 528 1043 Ἀλλὰ
580 997 690 1043 νῦν
749 988 1141 1059 μεταβάλλεται
1203 990 1291 1042 καὶ
1353 993 1507 1042 καλεῖ
1560 1010 1624 1057 με
1678 990 1814 1059 πρὸς

118 1079 290 1132 αὑτὸν
328 1077 417 1132 καὶ
459 1078 678 1147 ἀγαπᾶν
717 1092 851 1149 φησι
890 1077 981 1131 καὶ
1021 1075 1168 1147 ἔχειν
1205 1078 1476 1147 βούλεται.
1530 1080 1587 1131 τί
1621 1086 1812 1142 ταῦτα;
1839 1099 1882 1132 10

118 1167 298 1236 γέρων
337 1167 476 1236 ἀνὴρ
518 1168 619 1221 οὐκ
659 1166 747 1220 ἐπὶ
786 1177 899 1220 τῶν
945 1167 1128 1220 αὐτῶν
1166 1165 1339 1234 μένεις
1396 1165 1514 1221 οὐδ’
1563 1167 1596 1220 ἃ
1635 1171 1814 1229 καλῶς

117 1254 336 1327 ἔκρινεν
382 1260 529 1326 ἔχειν
574 1267 746 1326 τηρεῖ;
798 1256 865 1309 οὐ
914 1257 1163 1309 δείκνυσι
1200 1257 1527 1325 βεβαιότητα
1571 1257 1814 1327 τρόπων,

119 1346 187 1399 οὐ
228 1345 442 1399 δέδοικε
477 1348 551 1415 μή
581 1365 663 1408 τις
694 1345 866 1398 αὐτὸν
898 1345 1152 1414 Εὔριπον
1184 1344 1246 1398 ἐν
1277 1346 1559 1413 σκώμματι
1590 1344 1814 1415 καλέσῃς

119 1432 236 1487 ἀλλ’
285 1436 331 1487 εἰ
371 1435 474 1503 μὲν
510 1443 622 1487 τῶν
660 1432 946 1504 νεωτέρων
991 1453 1075 1496 τις
1112 1431 1264 1487 τοῦτ’
1309 1433 1623 1502 ἐπεπόνθει,
1662 1435 1813 1487 κάκι-

119 1538 248 1587 στος
294 1522 364 1576 ἂν
417 1519 488 1591 ἦν
539 1522 630 1576 καὶ
684 1524 1006 1593 κατηγόρεις
1060 1523 1235 1586 εὐθὺς
1288 1521 1378 1576 καὶ
1428 1522 1812 1593 ἀπεκήρυττες·
1838 1543 1880 1577 15

118 1612 283 1675 αὐτὸς
330 1609 392 1665 δὲ
437 1621 553 1675 τοῖς
607 1611 886 1681 δευτέροις
938 1613 1005 1664 τὰ
1058 1614 1297 1681 πρότερα
1352 1612 1667 1680 διαβάλλων
1714 1612 1815 1665 οὐκ

118 1702 376 1771 αἰσχύνῃς
417 1703 479 1754 ἔα
518 1710 727 1769 γνῶσιν
757 1702 932 1770 καλὴν
963 1702 1053 1755 καὶ
1084 1702 1477 1771 προσήκουσάν
1509 1715 1598 1755 σοι
1628 1700 1816 1770 μένειν

119 1788 211 1842 καὶ
249 1791 320 1858 μὴ
361 1791 463 1858 τὴν
502 1789 759 1853 εὐδοξίαν
797 1790 868 1858 ἣν
907 1789 1111 1858 ἐκτήσω
1161 1791 1252 1843 διὰ
1299 1798 1394 1859 τῆς
1434 1789 1815 1858 ἀποκηρύξεως

120 1878 332 1949 ἀνέλῃς.

236 1968 318 2020 14.
359 1968 538 2037 Χάριν
576 1965 637 2021 δὲ
675 1968 747 2036 ἣν
786 1970 953 2031 δίδως
992 1969 1059 2021 οὐ
1100 1967 1340 2037 δέχομαι.
1390 1964 1454 2037 ἧς
1500 1969 1604 2036 γὰρ
1645 1965 1814 2021 οὐδὲν
1839 1989 1883 2022 20

121 2055 339 2125 δέομαι,
386 2057 594 2125 ταύτην
639 2057 740 2126 οὐχ
788 2057 900 2127 ὁρῶ
945 2058 1087 2110 διότι
1136 2058 1220 2110 δεῖ
1259 2055 1574 2126 λαμβάνειν,
1625 2055 1631 2125 Ι
1681 2061 1800 2105 RIV
1818 2065 1903 2105 393

242 2191 266 2230 3
301 2187 356 2231 cf.
391 2188 654 2244 adp.504‚
675 2192 728 2231 19
873 2193 899 2231 4
943 2188 1295 2243 Thuc.1149‚4
1443 2192 1496 2230 13
1531 2187 1588 2232 cf.
1622 2187 1684 2231 ad
1714 2189 1747 2231 13.
1773 2187 1816 2230 H

121 2251 225 2329 066,
243 2252 320 2301 133
352 2249 386 2290 15.
418 2203 513 2290 IVP
516 2223 614 2300 191,
633 2247 748 2290 29R

244 2369 266 2407 1
301 2364 469 2410 ἑαυτοῦ
494 2367 528 2408 Ι
657 2370 682 2408 2
716 2366 873 2410 οὑτοσὶ
900 2367 934 2411 C
1069 2370 1095 2408 4
1127 2364 1295 2421 κάμνει
1322 2366 1358 2410 Ο
1492 2370 1516 2407 G
1550 2363 1813 2419 ἀπήλλακτο

123 2423 290 2480 scripsi
323 2438 428 2468 cum
461 2423 616 2468 Gasda
689 2424 976 2480 ἀπήλλακται
1008 2424 1118 2468 libri
1151 2425 1241 2467 edd
1379 2429 1402 2467 7
1437 2431 1697 2480 μεταταῦτα
1722 2424 1815 2468 BL

123 2482 226 2527 Mor
274 2485 280 2539 Ι
331 2482 355 2526 ὁ
388 2497 464 2526 om
498 2484 691 2528 OBLau
820 2488 875 2527 10
908 2484 1052 2528 αὐτὸν
1084 2484 1194 2528 libri
1226 2483 1318 2527 edd
1360 2486 1367 2540 Ι
1408 2483 1562 2528 verbis
1593 2480 1637 2527 τί
1667 2490 1814 2526 ταῦτα

123 2542 291 2616 incipit
317 2542 377 2587 Cr
399 2542 465 2587 fol
492 2548 570 2586 12
594 2543 677 2586 sed
708 2543 931 2599 pleraque
956 2543 1122 2587 abrasa
1147 2543 1255 2586 sunt
1378 2547 1431 2585 12
1463 2549 1619 2598 τηρεῖν
1639 2542 1698 2586 Cr
1724 2545 1729 2597 1
1759 2542 1813 2585 οὗ

122 2598 348 2660 δείκνυσι]
377 2600 400 2644 ὁ
427 2599 628 2652 δείλαιος
647 2603 707 2647 ΟΦ·
828 2608 882 2645 13
909 2602 957 2646 ἐν
983 2602 1250 2658 σκώμμασιν
1268 2602 1519 2659 (σκώμματι
1539 2602 1595 2658 G)
1622 2600 1825 2656 εὔριπον,

125 2660 257 2717 Cro}
284 2659 452 2719 καλέσῃ
487 2661 652 2717 scripsi
684 2674 708 2705 e
742 2662 819 2715 C'I,
850 2663 904 2705 ut
936 2661 1040 2705 coni
1064 2662 1132 2705 Re
1192 2658 1381 2704 καλέσαι
1406 2662 1564 2705 BLau
1635 2658 1814 2704 καλεσει

124 2719 168 2762 L
201 2719 292 2763 edd
324 2722 371 2763 et
400 2722 560 2763 tuetur
581 2719 744 2764 Iacobs
769 2721 882 2765 Lech
907 2724 992 2764 118
1016 2720 1116 2763 Ach
1140 2719 1231 2763 'rat
1262 2724 1347 2763 973
1471 2724 1526 2763 14
1557 2716 1683 2763 τοῦτ’
1712 2719 1815 2764 ἐπε-

124 2774 298 2823 πόνθει
322 2778 487 2835 scripsi
511 2793 535 2822 e
556 2779 776 2824 OBILau
837 2777 1091 2824 ἐπεπόνθει
1121 2786 1257 2822 τοῦτο
1284 2779 1327 2823 L
1352 2778 1442 2822 edd
1515 2815 1518 2816 γ
1566 2782 1619 2822 15
1644 2778 1814 2835 καὶ(1)]

125 2834 280 2881 καίτοι
306 2838 343 2882 Ο
462 2842 515 2881 16
546 2835 748 2893 πρότερα
780 2838 944 2894 scripsi
969 2851 994 2881 e
1019 2838 1204 2883 BILau
1263 2837 1465 2893 τρόπαια
1494 2838 1530 2882 Ο
1587 2844 1747 2893 πρῶτα
1771 2838 1815 2880 L

124 2895 218 2939 edd
340 2901 393 2940 18
427 2898 535 2940 ante
566 2895 651 2952 τὴν
675 2911 748 2941 ras
783 2902 807 2940 2
840 2897 918 2941 litt
943 2898 975 2940 I
1104 2901 1158 2940 19
1191 2895 1358 2956 ἀνέλῃς
1388 2910 1462 2940 om
1491 2897 1529 2941 Ο
1585 2894 1766 2945 ἀνέλοις
1789 2897 1820 2938 Ι

246 2959 314 2998 21
332 2957 491 3014 λαβεῖν
525 2956 561 3000 Ο
