2054 3192
228 109 334 161 120
722 108 950 174 LIBANH
980 107 1372 153 DECLAMATIO
1404 109 1425 151 1

221 246 321 298 τὸν
367 243 608 313 Ὀρφέως
663 246 844 312 φόνον
899 242 969 296 δι’
1031 243 1299 313 ἀμουσίας
1351 241 1554 298 ἔδοσαν
1609 246 1770 314 δίκην
1823 249 1913 299 και

219 333 498 402 κατέχεται
544 334 605 386 τὸ
653 335 858 402 χωρίον
905 333 1235 403 ἀπαιδευσίᾳ
1282 341 1471 404 συχνῇ.
1533 337 1711 387 καίτοι
1749 343 1913 388 τοῦτο

220 425 381 484 ποιάς
423 422 489 474 οὐ
537 424 708 475 νόσου
735 423 1099 490 δεινότερον,
1147 424 1316 475 τίνων
1364 422 1465 475 οὐκ
1512 423 1738 492 αὐχμῶν
1783 426 1911 491 βλα-

219 511 528 579 βερώτερον
566 511 655 563 καὶ
694 515 1087 579 τετυφλῶσθαι
1125 511 1227 579 τὴν
1274 511 1529 564 διάνοιαν
1574 512 1664 564 καὶ
1711 515 1806 581 ζῆν
1853 510 1914 565 ἐν

130 603 322 647 R11167
403 599 598 670 ἀγνοίᾳ
636 609 748 652 τῶν
786 603 973 652 καλῶν
1009 600 1101 652 καὶ
1139 599 1312 668 μηδὲν
1353 599 1640 669 διαφέρειν
1673 605 1679 666 1
1716 603 1914 669 βοσκη-

175 710 193 741 6

153 1067 195 1098 10

154 1510 195 1543 15

219 689 426 757 μάτων;
467 686 583 741 ἀλλ’
630 688 786 755 ὑμεῖς
823 689 894 756 μὴ
937 688 1230 757 ἁμάρτοιτε
1268 697 1526 741 τοιοῦτον
1564 686 1738 758 μηδὲν
1776 690 1921 758 μηδὲ·

218 777 466 830 πάθοιτε.

334 866 453 918 182.
510 867 758 935 Κρίτων,
799 865 1081 934 ,ἡλικιῶτα
1137 867 1471 936 Σωκράτους
1531 865 1621 919 καὶ
1686 868 1912 935 δημότα,

220 954 344 1022 λέγε
382 955 520 1021 πρὸς
559 955 788 1018 τούτους
829 955 861 1008 ἃ
901 956 1178 1008 σύνοισθα
1217 961 1292 1028 τῷ
1328 957 1488 1027 φίλω.
1528 964 1635 1008 ποῦ
1674 963 1772 1008 τοῦ
1806 959 1915 1008 Σα-

221 1046 476 1112 λαμινίου
519 1043 762 1106 Λέοντος
813 1046 865 1097 οἱ
919 1045 1135 1111 παῖδες,
1192 1041 1276 1112 ἐφ’
1326 1044 1391 1097 ὃν
1442 1045 1550 1097 ὑπὸ
1604 1054 1716 1097 τῶν
1765 1045 1913 1110 τριά-

219 1147 387 1185 κοντα
441 1135 784 1201 πεμπόμενος
848 1129 1009 1195 οὗτος
1072 1133 1324 1202 ἀπῆλθεν
1385 1134 1593 1204 οἴκαδες
1657 1142 1914 1200 φανεῖται

218 1221 559 1290 μεμνημένος
609 1223 846 1290 δημότης
892 1229 988 1290 τῆς
1034 1221 1424 1291 προαιρέσεως;
1479 1223 1569 1275 καὶ
1614 1232 1726 1274 τῶν
1774 1221 1914 1290 ἀμφὶ

223 1311 552 1378 Θράσυλλον
590 1309 680 1363 καὶ
721 1310 998 1380 Περικλέα
1038 1313 1168 1373 τοὺς
1208 1312 1447 1374 οἰκείους
1483 1314 1630 1364 καλῶ
1671 1319 1808 1378 τῶν,
1851 1312 1912 1363 τὸ

220 1399 555 1465 Σωκράτους
592 1398 773 1467 μέρος,
816 1400 918 1453 οὐκ
959 1398 1325 1452 ἀπολωλότων
1364 1399 1616 1469 ἀκρίτων.

336 1488 456 1540 183.
506 1492 728 1540 Παῦσαι
768 1490 1060 1557 θορυβῶν,
1101 1486 1310 1541 Ἄνυτε,
1374 1489 1560 1541 δεῖσον
1598 1489 1659 1541 τὸ
1698 1487 1914 1557 μέλλον.

219 1577 289 1644 μὴ
331 1579 492 1645 νίκην
531 1579 657 1629 νίκα
690 1578 989 1645 Καδμείαν.
1031 1577 1132 1646 ὅρα
1162 1578 1235 1645 μὴ
1267 1579 1504 1646 τήμερον
1535 1577 1728 1645 ἡσθεὶς
1757 1577 1913 1629 ὕστε-

339 1803 360 1840 1
387 1797 523 1841 Paus.
548 1797 612 1840 IX
630 1802 701 1851 30,
720 1802 759 1840 5.
794 1797 843 1841 cf
861 1813 905 1853 p.
927 1803 1025 1850 141,
1045 1803 1097 1841 21
1119 1812 1185 1853 sq.
1309 1802 1334 1840 3
1361 1796 1479 1840 Plat.
1505 1810 1600 1853 rep.
1619 1796 1679 1839 lX
1703 1812 1747 1853 p.
1769 1801 1853 1840 586
1872 1798 1913 1839 A

337 1860 363 1899 8
396 1855 516 1901 Plat.
543 1856 663 1913 apol.
689 1872 734 1913 p.
760 1861 815 1899 33
834 1856 893 1910 E3
920 1856 1056 1914 Gorg.
1083 1872 1128 1912 p.
1154 1861 1240 1900 495
1258 1856 1298 1899 D
1424 1861 1478 1899 10
1503 1872 1545 1912 p.
1576 1861 1674 1911 136,
1696 1861 1762 1899 14.
1792 1855 1912 1899 Plat.

220 1915 340 1970 apol.
374 1931 418 1971 p.
447 1920 501 1958 32
521 1915 575 1969 C3
624 1929 694 1972 ep.
721 1915 807 1960 VII
837 1931 880 1972 p.
910 1916 1049 1959 324Ε
1069 1930 1135 1972 sq.
1169 1916 1346 1960 Andoc.
1380 1915 1436 1958 de
1461 1917 1596 1971 myst.
1631 1921 1656 1969 ξ
1681 1920 1751 1959 94.
1797 1915 1911 1959 Xon.

220 1988 383 2018 comm.
410 1975 473 2018 IV
497 1980 539 2030 4,
559 1979 605 2028 33
638 1975 757 2019 Hell.
783 1975 826 2018 II
851 1979 890 2027 3,
910 1980 978 2018 39.
1019 1975 1107 2019 Dio
1134 1974 1237 2019 Chr.
1262 1977 1294 2019 t.
1322 1975 1363 2018 II
1387 1990 1431 2031 p.
1460 1979 1648 2028 191,10.
1690 1974 1813 2019 Soor.
1840 1989 1910 2030 ep.

221 2038 267 2086 7,
288 2039 326 2077 1.
367 2034 501 2091 Diog.
538 2034 587 2077 L.
620 2034 663 2076 Il
696 2039 743 2089 5,
770 2042 817 2084 8,
845 2039 900 2078 24
1055 2039 1108 2077 13
1141 2050 1185 2090 p.
1215 2039 1312 2088 134,
1333 2040 1372 2078 2.
1413 2034 1531 2078 Plat.
1565 2034 1687 2090 apol.
1713 2049 1758 2090 p.
1786 2039 1840 2077 32
1858 2034 1911 2076 Β.

218 2093 332 2136 Xen.
358 2107 522 2137 comm.
547 2094 567 2135 I
594 2099 632 2146 1,
655 2098 733 2147 183
767 2093 887 2137 Hell.
912 2094 932 2136 I
959 2098 998 2148 6,
1018 2099 1072 2137 29
1106 2095 1154 2137 et
1187 2099 1226 2149 ’1,
1246 2098 1314 2137 15.
1347 2093 1484 2150 Diog.
1518 2094 1566 2137 L.
1584 2093 1614 2136 l.
1633 2093 1661 2136 l.
1788 2098 1841 2136 16
1868 2093 1913 2136 ci

218 2153 250 2195 t.
269 2152 311 2195 ΙΙ
336 2156 407 2206 55,
426 2157 450 2195 2
576 2157 629 2196 17
655 2153 769 2196 Xen.
788 2152 909 2196 Hell.
927 2153 948 2195 I
968 2157 1006 2208 7,
1025 2157 1080 2195 35

221 2330 378 2373 oobsio
418 2330 532 2374 Lech
563 2335 649 2373 204
690 2331 785 2374 Not
817 2335 871 2374 52
904 2331 1045 2374 Anth.
1071 2331 1168 2374 Pal.
1194 2330 1258 2373 III
1290 2335 1373 2373 217
1416 2330 1519 2387 Rog
1561 2331 1567 2386 Ι
1610 2329 1724 2386 μετὰ
1756 2343 1831 2372 om
1862 2329 1911 2372 in

219 2402 294 2432 ras
331 2394 442 2432 1-2
474 2388 554 2432 litt
587 2391 625 2433 C

341 2454 362 2491 1
407 2445 473 2492 δι’
511 2448 586 2491 del
626 2449 789 2491 Iaeobs
855 2449 940 2505 τὴν
979 2449 1084 2492 coni
1116 2449 1183 2492 Re
1227 2448 1301 2492 cui
1333 2448 1578 2492 oblocutus
1610 2449 1681 2491 est
1712 2446 1867 2490 Gasda
1903 2448 1906 2499 Ι

221 2507 392 2552 ἔδωκεν
425 2507 526 2550 Mor
557 2507 639 2551 sed.
670 2525 724 2563 γρ
759 2507 940 2552 ἔδωκαν
972 2507 1022 2550 in
1053 2521 1188 2564 marg
1320 2511 1344 2550 6
1379 2506 1626 2562 ἁμάρτοιτε
1658 2505 1823 2561 scripsi
1855 2519 1911 2549 ex

219 2566 487 2610 AthUVaB
520 2566 784 2622 (abreptum
809 2568 879 2609 est
902 2567 952 2609 in
980 2568 1085 2622 Ma)
1147 2565 1378 2622 ἁμάρτητε
1406 2566 1486 2610 CA
1518 2565 1585 2608 Re
1602 2565 1705 2621 Rog
1765 2564 1911 2621 ἁμαρ-

219 2624 402 2669 τάνοιτε
435 2625 536 2668 Mor
577 2628 583 2680 Ι
634 2625 774 2670 οὐδὲν
805 2626 1075 2670 AthUVaB
1126 2628 1132 2680 Ι
1182 2624 1297 2681 μηδὲ
1337 2624 1501 2680 scripsi
1541 2638 1566 2668 o
1601 2624 1682 2669 CA
1721 2625 1910 2667 auobore

222 2683 376 2727 Gasda
402 2698 505 2727 cum
527 2684 630 2740 Rog'
690 2683 799 2740 μήτε
825 2684 994 2739 reliqui
1017 2684 1127 2727 libri
1144 2684 1245 2727 Mor
1261 2685 1330 2728 Re
1452 2687 1475 2726 ⁷
1501 2681 1687 2739 πάθητε
1707 2683 1795 2726 Ma

223 2747 277 2786 10
311 2742 354 2786 οἱ
387 2756 462 2786 om
489 2743 527 2788 C
550 2746 556 2799 Ι
584 2740 668 2798 ὑφ’
696 2743 799 2786 Mor
921 2748 974 2785 12
1009 2742 1296 2799 μεμυημένος
1323 2745 1411 2787 Μα
1438 2743 1444 2798 Ι
1472 2741 1674 2798 δημότης
1705 2739 1909 2797 δημότου

221 2801 325 2845 coni
356 2801 424 2845 Re
452 2803 457 2858 Ι
484 2807 564 2857 τῆς
596 2815 670 2845 om
705 2804 793 2846 Ma
820 2805 825 2858 Ι
854 2801 1040 2858 signum
1071 2802 1455 2859 interrogationis
1486 2801 1622 2856 posui
1683 2802 1910 2856 punctum

220 2860 330 2904 libri
363 2860 453 2903 edd
481 2862 486 2916 Ι
513 2861 603 2905 ’τὸν
636 2861 899 2905 MaUVaB
932 2861 1034 2904 Mor
1068 2863 1073 2917 Ι
1109 2859 1496 2916 ἀμφιθράσυλλον
1532 2861 1576 2904 U
1691 2865 1745 2902 14
1778 2856 1910 2912 ἀκρί-

220 2935 308 2969 τως
339 2919 440 2963 Mor
