2026 3192
209 117 318 169 492
692 116 919 160 LIBANII
952 115 1340 161 DECLAMATIO
1374 117 1414 159 X

209 249 360 321 οἶμαι
400 252 478 320 δέ,
517 249 648 306 οὐδὲ
687 253 841 322 χάρις
879 254 1062 323 τοῦτόι
1090 252 1155 320 γε’
1191 251 1340 305 ἐστιν
1389 253 1520 322 ὅπερ
1573 255 1774 307 ἄκοντα
1815 256 1919 315 δεῖι

208 344 411 409 λαβεῖν.
452 334 494 414 ᾧ
529 343 631 409 γὰρ
674 342 816 409 λύπη
858 340 1226 409 συνέζευκται,
1264 344 1408 394 πολὺ
1428 349 1603 396 ,τοῦτο
1633 351 1697 413 τῇ
1730 344 1899 411 φύσει

205 437 301 498 τῆς
339 431 559 499 χάριτος
599 429 904 483 ἀποστατεῖ.
954 423 1074 483 οἷον
1123 435 1178 482 εἴ
1217 449 1299 492 τις
1340 429 1392 493 ἐξ
1433 430 1710 500 ἀριστείας
1748 433 1897 499 ἥκων

207 519 384 586 αἰτοίη
425 527 582 587 τιμῆς
613 528 801 588 τυχεῖν
831 539 998 586 τινος,
1031 518 1060 572 ὁ
1094 520 1264 587 δῆμος
1297 516 1358 572 δὲ
1390 527 1553 573 τοῦτο
1585 520 1656 588 μὴ
1698 522 1898 588 διδοίη,

160 607 418 677 ὅπλέθρα
463 604 521 660 δὲ
569 615 669 676 γῆς
714 610 747 676 ἥ
787 628 839 660 τι
885 615 1163 676 τοιοῦτον,
1209 603 1294 676 ἀρ’
1348 608 1447 660 οὐκ
1495 609 1564 660 ἄν
1611 622 1699 661 σοι
1747 610 1897 662 δοκεῖ

205 706 409 766 φυγεῖν
455 698 515 749 τὸ
564 698 666 765 τὴν
711 705 816 765 γῆν
864 697 1072 763 λαβεῖν,
1113 697 1161 748 εἰ
1201 695 1251 749 δ’
1296 692 1367 749 αὖ
1408 696 1783 765 ἀναγκάζοιτο,
1816 699 1896 750 δι-

203 787 376 853 χόθεν
408 785 686 854 ἀλγήσειν,
723 782 784 838 ἔκ
823 805 879 838 τε
919 794 1018 838 τοῦ
1057 786 1129 853 μὴ
1161 793 1348 854 τυχεῖν
1392 781 1470 838 ὧν
1510 785 1766 852 ἐβούλετο
1806 787 1894 838 καὶ

203 877 394 941 λαβεῖν
451 873 541 926 ὑπ’
606 873 845 941 ἀνάγκης
908 870 974 927 οὗ
1035 873 1209 942 μηδὲν
1269 871 1475 944 ἔχρῃζες
1538 883 1729 942 σαφῶς
1790 875 1895 942 γὰρ

201 970 364 1015 τοῦτο
404 965 637 1031 τιμωρία
675 964 757 1025 τίς
796 960 946 1015 ἐστιν
986 963 1014 1015 ὃ
1054 964 1126 1031 μὴ
1166 963 1300 1015 κατὰ
1340 970 1480 1015 νοῦν
1520 982 1593 1033 τῳ
1635 964 1895 1031 γίγνεται.

137 1072 180 1104 10
319 1050 400 1104 15.
441 1053 512 1104 Εἰ
559 1048 660 1118 μὲν
707 1047 812 1104 οὗν
859 1049 1075 1118 ἐγκαλεῖ
1119 1053 1217 1118 μοί
1258 1071 1310 1104 τι
1357 1050 1447 1104 καὶ
1494 1059 1601 1105 νῦν
1646 1055 1910 1119 Νεοκλῆς.

201 1141 290 1193 καὶ
332 1141 493 1208 δίκην
532 1139 783 1193 ἀπαιτεῖν
830 1138 1035 1207 ἐθέλει,
1086 1143 1143 1193 τί
1178 1149 1342 1193 τοῦτο
1384 1138 1536 1193 ἔστιν
1575 1141 1796 1194 εἰπάτω·
1845 1142 1893 1192 εἰ

202 1226 251 1282 δ’
298 1226 465 1282 οὐδὲν
520 1231 806 1282 αἰτιᾶσθαι
862 1228 1072 1283 δύναιτ’
1120 1230 1212 1297 ἄν,
1266 1231 1338 1297 μή
1392 1249 1457 1298 με
1512 1228 1777 1294 κολαζέτω
1825 1217 1911 1301 τῷ4

201 1326 300 1370 τοῦ
350 1318 535 1370 δοκεῖν
590 1320 909 1387 χαρίζεσθαι
955 1320 1201 1387 σχήματι.
1255 1319 1422 1387 χωρὶς
1461 1314 1522 1370 δὲ
1561 1318 1791 1385 τούτων,
1829 1319 1891 1370 τὸ

199 1403 301 1475 μὲν
349 1405 539 1459 οἴκαδέ
581 1427 646 1475 με
693 1412 882 1460 καλεῖν
928 1407 1154 1475 τούτου,
1200 1408 1261 1460 τὸ
1302 1405 1351 1459 δ’
1397 1407 1701 1460 ὑπακούειν
1746 1406 1778 1474 ἢ
1818 1409 1890 1475 μὴ

135 1517 177 1549 15
201 1494 356 1548 τουτὶ
394 1503 493 1548 τοῦ
533 1495 890 1563 καλουμένου.
946 1496 1152 1566 δράσας
1196 1498 1391 1548 τοίνυν
1438 1496 1570 1564 ὅπερ
1611 1492 1680 1564 ἦν
1719 1496 1890 1549 αὐτοῦ

200 1585 291 1637 καὶ
329 1593 424 1653 τῆς
463 1584 593 1653 ἐμῆς
633 1586 709 1647 εἰς
747 1587 808 1638 τὸ
848 1586 920 1653 μὴ
959 1588 1260 1638 πείθεσθαι
1299 1595 1415 1647 τοῖς
1444 1589 1710 1637 καλοῦσιν
1741 1582 1908 1647 §gov-

200 1676 322 1735 σιάς
362 1672 642 1742 ἀνεχέσθω
693 1672 784 1726 καὶ
830 1675 904 1742 μὴ
951 1675 1011 1734 τὸ
1058 1675 1130 1743 μὴ
1176 1675 1480 1726 πεύθεσθαί
1525 1692 1590 1739 με
1631 1671 1888 1741 νομιζέτω

198 1763 540 1829 θαυμαστόν,
580 1760 696 1815 ἀλλ’
738 1761 792 1814 ἐἰ
831 1770 926 1830 τῆς
964 1762 1175 1830 ὕβρεως
1214 1762 1423 1831 ἐκείνης
1464 1761 1610 1830 [οὐκ]
1644 1759 1889 1829 ἐπιλελη-

199 1849 399 1918 σμένος
436 1851 679 1919 εἱπόμην.

132 1960 175 1992 20
314 1940 395 1992 16.
441 1937 839 2008 “Ημάρτανες
900 1940 1019 2008 γάρ
1083 1954 1219 2008 φησι
1280 1940 1384 1992 καὶ
1448 1938 1618 1992 τοῦτ’
1681 1939 1886 1992 ε’ποιέι

197 2029 312 2122 τὴν
354 2027 775 2123 ἀποκήρυξιν.
830 2031 1022 2097 μόνος,
1070 2026 1111 2081 ὦ
1156 2031 1446 2096 Νεόκλεις,
1494 2027 1625 2096 ἐγώ,
1673 2037 1783 2080 τῶν
1830 2026 1878 2080 δ’

1429 2142 1767 2158 .....

318 2149 338 2186 1
368 2121 498 2199 οἶμαι
523 2170 578 2177 —-
604 2149 628 2187 2
655 2146 813 2202 λαβεῖν
839 2159 914 2188 om
942 2146 979 2190 Ο
1001 2147 1008 2200 Ι
1036 2142 1079 2201 γ’
1108 2146 1151 2189 L
1179 2148 1185 2200 1
1215 2143 1326 2199 ὅπερ
1351 2159 1517 2201 scr1p81
1578 2161 1636 2199 ην
1660 2143 1770 2187 l1br1
1795 2143 1886 2187 edd

256 2201 279 2247 ὃ
313 2203 385 2246 vel
418 2219 439 2247 ο
465 2220 507 2247 τι
534 2202 689 2247 Gasda
811 2208 835 2246 2
868 2203 1123 2262 λαμβάνειν
1150 2204 1209 2249 Co
1238 2204 1286 2247 in
1320 2218 1411 2259 quo
1438 2204 1548 2247 inde
1573 2203 1631 2246 ab
1654 2203 1743 2246 hac
1773 2215 1886 2246 voce

195 2262 291 2304 iam
313 2262 432 2305 nihil
456 2262 552 2319 legi
575 2265 731 2319 potest
852 2267 877 2305 3
911 2260 1049 2307 οῖον
1037 2278 1086 2306 1n
1110 2277 1243 2320 marg
1260 2263 1326 2307 L2
1447 2268 1474 2305 4
1504 2268 1636 2319 τιμῆς
1659 2261 1834 2305 inserui
1858 2274 1882 2304 e

198 2321 236 2366 G
249 2320 398 2377 collp.
411 2327 512 2376 552,
525 2327 575 2365 11
639 2336 715 2365 om
738 2321 908 2376 reliqui
931 2321 1040 2365 libri
1058 2322 1148 2366 edd
1176 2324 1182 2379 Ι
1208 2322 1336 2373 τινὸς
1359 2323 1481 2367 omO
1506 2323 1512 2379 Ι
1540 2319 1694 2377 διδοίη
1720 2320 1884 2376 scripsi

255 2381 384 2424 διδοῖ
407 2381 446 2426 Ο
502 2381 647 2436 διδώη
676 2382 864 2426 BILau
924 2380 1013 2441 δοίη
1038 2383 1081 2425 L
1115 2374 1204 2424 ed'd
1338 2386 1363 2425 5
1397 2380 1447 2426 δὲ
1481 2395 1556 2425 om
1586 2382 1695 2425 Lau
1722 2382 1727 2437 Ι
1756 2383 1887 2424 δοκεῖ

196 2439 359 2495 scripsi
385 2453 409 2483 e
433 2441 543 2484 Lau
568 2454 672 2483 cum
697 2439 853 2484 Gasda
915 2398 1030 2497 ὃόκῇ
1055 2440 1211 2485 CBIL
1237 2441 1326 2484 edd
1448 2444 1473 2482 8
1501 2439 1654 2497 ἔχρῃζε
1681 2440 1883 2483 BLLau

195 2498 286 2541 edd
408 2504 433 2541 9
465 2505 600 2543 τοῦτο
633 2499 798 2553 scripsi
859 2500 1024 2543 οὑτωσὶ
1055 2499 1166 2543 libri
1196 2499 1284 2543 edd
1337 2502 1343 2555 Ι
1393 2507 1627 2543 κατανοῦν
1652 2500 1760 2542 Lau
1786 2501 1793 2554 Ι
1819 2501 1883 2540 τῶ

194 2557 331 2601 ILau
358 2560 364 2613 Ι
391 2555 568 2614 γίνεται
591 2560 625 2601 Ι
747 2562 801 2601 10
835 2555 918 2602 οὖν
948 2572 1023 2602 om
1047 2560 1092 2602 B
1121 2563 1126 2614 Ι
1153 2575 1232 2615 μοι
1255 2559 1335 2602 καὶ
1359 2566 1445 2602 νῦν
1469 2559 1512 2602 τὶ
1536 2559 1563 2601 1
1590 2560 1596 2613 Ι
1624 2564 1711 2602 νῦν
1736 2571 1811 2600 om

316 2619 374 2659 11·
403 2615 558 2661 ἐθέλοι
583 2618 626 2659 Β
750 2623 802 2660 12
837 2614 1019 2661 δύναιτ’
1047 2618 1235 2673 reposui
1267 2631 1291 2662 e
1322 2617 1455 2661 libris
1484 2617 1566 2661 secl
1598 2613 1692 2660 octv’
1726 2616 1775 2659 in
1806 2617 1903 2659 ras'

194 2674 261 2718 L²
323 2675 514 2719 δύναιτο
548 2676 639 2718 edd
682 2678 687 2732 Ι
723 2675 781 2719 ἄν
815 2675 1066 2719 delendum
1097 2679 1256 2720 censet
1285 2676 1448 2720 Iacobs
1479 2676 1591 2719 Lect
1602 2679 1707 2758 2118
1740 2676 1790 2718 at
1821 2675 1878 2717 cf.

192 2747 238 2788 p.
263 2739 364 2788 447,
384 2739 408 2777 9
533 2739 586 2778 15
619 2733 800 2779 τουτίδε
828 2735 864 2780 0
887 2737 894 2791 Ι
933 2735 1076 2779 αὐτοῦ
1102 2737 1145 2779 L
1178 2736 1259 2779 sed
1291 2752 1346 2779 ου
1376 2736 1425 2778 in
1447 2749 1524 2778 ras
1549 2734 1618 2777 m²
1678 2734 1801 2777 αὐτῶ
1834 2734 1904 2787 ΒΑ

194 2793 302 2837 Lau
424 2798 478 2837 16
510 2794 590 2837 καὶ
620 2793 669 2836 in
695 2807 771 2838 ras
797 2794 862 2838 L²
890 2796 896 2850 Ι
923 2791 1179 2838 πεύθεσθαι
1205 2796 1249 2838 L
1280 2795 1361 2838 sed
1386 2797 1503 2838 σθαι
1525 2794 1575 2837 in
1598 2807 1672 2836 ras
1692 2791 1762 2835 m²

196 2856 248 2894 17
275 2851 404 2908 μὴ(2)
429 2852 554 2895 inser
570 2852 636 2896 L²
697 2867 771 2896 om
799 2853 1020 2898 OBILau
1047 2855 1053 2910 Ι
1080 2861 1176 2904 τοῖς
1199 2856 1388 2897 καλοῦσι
1414 2855 1523 2896 ante
1547 2850 1761 2909 νομιζέτω
1786 2850 1877 2894 edd

253 2909 404 2954 delevi
526 2914 580 2953 18
613 2912 698 2955 οὐκ
730 2911 985 2955 cancellavi
1010 2926 1114 2956 cum
1138 2911 1318 2956 Sinteni
1440 2916 1495 2955 20
1526 2910 1785 2968 ἡμάρτανες
1807 2923 1878 2952 re—

191 2969 326 3025 posui
358 2983 381 3012 e
410 2969 627 3014 OLILau
686 2969 923 3026 ἡμάρτανε
955 2972 999 3014 Β
1034 2971 1122 3014 edd
