<?xml version="1.0" encoding="UTF-8"?>
<!DOCTYPE html PUBLIC "-//W3C//DTD XHTML 1.0 Transitional//EN"
    "http://www.w3.org/TR/xhtml1/DTD/xhtml1-transitional.dtd">
<html xmlns="http://www.w3.org/1999/xhtml" xml:lang="en" lang="en">
 <head>
  <title>
</title>
<meta http-equiv="Content-Type" content="text/html;charset=utf-8" />
  <meta name='ocr-system' content='tesseract 3.04.00' />
  <meta name='ocr-capabilities' content='ocr_page ocr_carea ocr_par ocr_line ocrx_word'/>
</head>
<body>
  <div class='ocr_page' id='page_1' title='image "./operarecensuitri05libauoft/operarecensuitri05libauoft_0554.png"; bbox 0 0 2026 3192; ppageno 0'>
   <div class='ocr_carea' id='block_1_1' title="bbox 239 115 1469 173">
    <p class='ocr_par' dir='ltr' id='par_1_1' title="bbox 239 115 1469 173">
     <span class='ocr_line' id='line_1_1' title="bbox 239 115 1469 173; baseline -0.006 0"><span class='ocrx_word' id='word_1_1' title='bbox 239 115 349 173; x_wconf 75' lang='lat'><em>544</em></span> <span class='ocrx_word' id='word_1_2' title='bbox 706 121 932 165; x_wconf 72' lang='lat' dir='ltr'><strong>LIBANII</strong></span> <span class='ocrx_word' id='word_1_3' title='bbox 963 121 1352 167; x_wconf 82' lang='lat' dir='ltr'>DECLAMATIO</span> <span class='ocrx_word' id='word_1_4' title='bbox 1385 123 1469 167; x_wconf 81' lang='grc' dir='ltr'><em>ΧΠ</em></span> 
     </span>
    </p>
   </div>
   <div class='ocr_carea' id='block_1_2' title="bbox 168 256 1929 1853">
    <p class='ocr_par' dir='ltr' id='par_1_2' title="bbox 235 256 1926 575">
     <span class='ocr_line' id='line_1_2' title="bbox 236 256 1926 330; baseline 0.004 -22"><span class='ocrx_word' id='word_1_5' title='bbox 236 275 334 318; x_wconf 82' lang='grc' dir='ltr'><em>νος</em></span> <span class='ocrx_word' id='word_1_6' title='bbox 372 257 474 325; x_wconf 78' lang='grc' dir='ltr'><em>μὲν</em></span> <span class='ocrx_word' id='word_1_7' title='bbox 523 267 834 324; x_wconf 89' lang='grc' dir='ltr'><em>σωφρονῶν</em></span> <span class='ocrx_word' id='word_1_8' title='bbox 880 256 967 310; x_wconf 78' lang='grc' dir='ltr'><em>ἐπὶ</em></span> <span class='ocrx_word' id='word_1_9' title='bbox 1015 259 1116 323; x_wconf 86' lang='grc' dir='ltr'><em>τὴν</em></span> <span class='ocrx_word' id='word_1_10' title='bbox 1160 259 1346 327; x_wconf 81' lang='grc' dir='ltr'><em>πυρὰν</em></span> <span class='ocrx_word' id='word_1_11' title='bbox 1391 259 1609 313; x_wconf 82' lang='grc' dir='ltr'><em>ἐκεῖθεν</em></span> <span class='ocrx_word' id='word_1_12' title='bbox 1655 261 1926 330; x_wconf 75' lang='grc' dir='ltr'><strong><em>ὥρμησεν,</em></strong></span> 
     </span>
     <span class='ocr_line' id='line_1_3' title="bbox 237 342 1926 417; baseline 0.003 -19"><span class='ocrx_word' id='word_1_13' title='bbox 237 343 342 412; x_wconf 82' lang='grc' dir='ltr'><em>ἐγὼ</em></span> <span class='ocrx_word' id='word_1_14' title='bbox 384 342 445 398; x_wconf 76' lang='grc' dir='ltr'><em>δὲ</em></span> <span class='ocrx_word' id='word_1_15' title='bbox 485 344 573 398; x_wconf 78' lang='grc' dir='ltr'><em>ἐπὶ</em></span> <span class='ocrx_word' id='word_1_16' title='bbox 613 347 674 398; x_wconf 92' lang='grc' dir='ltr'><em>τὸ</em></span> <span class='ocrx_word' id='word_1_17' title='bbox 714 346 1026 415; x_wconf 88' lang='grc' dir='ltr'><em>βάραθρον,</em></span> <span class='ocrx_word' id='word_1_18' title='bbox 1074 347 1208 400; x_wconf 83' lang='grc' dir='ltr'><em>ὅσον</em></span> <span class='ocrx_word' id='word_1_19' title='bbox 1247 347 1478 401; x_wconf 81' lang='grc' dir='ltr'><em>οὐδέπω.</em></span> <span class='ocrx_word' id='word_1_20' title='bbox 1523 349 1589 402; x_wconf 86' lang='grc' dir='ltr'><em>οὐ</em></span> <span class='ocrx_word' id='word_1_21' title='bbox 1630 350 1733 417; x_wconf 79' lang='grc' dir='ltr'><em>γὰρ</em></span> <span class='ocrx_word' id='word_1_22' title='bbox 1774 349 1926 403; x_wconf 81' lang='grc' dir='ltr'><em>ἐλάτ·</em></span> 
     </span>
     <span class='ocr_line' id='line_1_4' title="bbox 235 434 1926 507; baseline 0.003 -21"><span class='ocrx_word' id='word_1_23' title='bbox 235 453 347 486; x_wconf 87' lang='grc' dir='ltr'><em>των</em></span> <span class='ocrx_word' id='word_1_24' title='bbox 386 434 414 487; x_wconf 90' lang='grc' dir='ltr'>ὁ</span> <span class='ocrx_word' id='word_1_25' title='bbox 454 442 553 487; x_wconf 86' lang='grc' dir='ltr'><em>τοῦ</em></span> <span class='ocrx_word' id='word_1_26' title='bbox 597 437 859 488; x_wconf 78' lang='grc' dir='ltr'><em>Κλεινίου</em></span> <span class='ocrx_word' id='word_1_27' title='bbox 899 443 993 504; x_wconf 82' lang='grc' dir='ltr'><em>τῆς</em></span> <span class='ocrx_word' id='word_1_28' title='bbox 1025 434 1302 504; x_wconf 78' lang='grc' dir='ltr'><em>Ὀμφάλης</em></span> <span class='ocrx_word' id='word_1_29' title='bbox 1341 439 1419 499; x_wconf 77' lang='grc' dir='ltr'><em>εἰς</em></span> <span class='ocrx_word' id='word_1_30' title='bbox 1465 438 1526 490; x_wconf 89' lang='grc' dir='ltr'><em>τὸ</em></span> <span class='ocrx_word' id='word_1_31' title='bbox 1571 439 1926 507; x_wconf 78' lang='grc' dir='ltr'><em>διαφθείρειν</em></span> 
     </span>
     <span class='ocr_line' id='line_1_5' title="bbox 235 522 399 575; baseline 0 0"><span class='ocrx_word' id='word_1_32' title='bbox 235 522 399 575; x_wconf 83' lang='grc' dir='ltr'><em>ἐστίν.</em></span> 
     </span>
    </p>

    <p class='ocr_par' dir='ltr' id='par_1_3' title="bbox 192 623 1929 1051">
     <span class='ocr_line' id='line_1_6' title="bbox 192 623 1926 699; baseline 0.001 -17"><span class='ocrx_word' id='word_1_33' title='bbox 192 650 210 682; x_wconf 85' lang='lat'>5</span> <span class='ocrx_word' id='word_1_34' title='bbox 352 627 431 679; x_wconf 85' lang='grc'><em>18.</em></span> <span class='ocrx_word' id='word_1_35' title='bbox 476 625 617 689; x_wconf 70' lang='grc' dir='ltr'><em>’Ἕως</em></span> <span class='ocrx_word' id='word_1_36' title='bbox 672 623 776 679; x_wconf 85' lang='grc' dir='ltr'><em>οὖν</em></span> <span class='ocrx_word' id='word_1_37' title='bbox 828 625 908 680; x_wconf 78' lang='grc' dir='ltr'><em>ἔτι</em></span> <span class='ocrx_word' id='word_1_38' title='bbox 964 638 1236 696; x_wconf 82' lang='grc' dir='ltr'><em>σωφρονῶ</em></span> <span class='ocrx_word' id='word_1_39' title='bbox 1296 628 1386 682; x_wconf 84' lang='grc' dir='ltr'><em>καὶ</em></span> <span class='ocrx_word' id='word_1_40' title='bbox 1442 639 1552 682; x_wconf 91' lang='grc' dir='ltr'><em>τῶν</em></span> <span class='ocrx_word' id='word_1_41' title='bbox 1613 631 1926 699; x_wconf 81' lang='grc' dir='ltr'><em>ὀφθαλμῶν</em></span> 
     </span>
     <span class='ocr_line' id='line_1_7' title="bbox 235 714 1925 788; baseline 0.003 -21"><span class='ocrx_word' id='word_1_42' title='bbox 235 717 461 768; x_wconf 75' lang='grc' dir='ltr'><em>ἄπεστιν</em></span> <span class='ocrx_word' id='word_1_43' title='bbox 501 714 841 784; x_wconf 77' lang='grc' dir='ltr'><em>Ἀλκιβιάδης</em></span> <span class='ocrx_word' id='word_1_44' title='bbox 886 725 997 768; x_wconf 91' lang='grc' dir='ltr'><em>τῶν</em></span> <span class='ocrx_word' id='word_1_45' title='bbox 1045 717 1212 785; x_wconf 84' lang='grc' dir='ltr'><em>ἐμῶν,</em></span> <span class='ocrx_word' id='word_1_46' title='bbox 1268 717 1586 771; x_wconf 80' lang='grc' dir='ltr'><em>ἐπινεύσατε</em></span> <span class='ocrx_word' id='word_1_47' title='bbox 1640 720 1777 787; x_wconf 82' lang='grc' dir='ltr'><em>πρὸς</em></span> <span class='ocrx_word' id='word_1_48' title='bbox 1826 720 1925 788; x_wconf 88' lang='grc' dir='ltr'><em>τὴν</em></span> 
     </span>
     <span class='ocr_line' id='line_1_8' title="bbox 234 804 1929 875; baseline 0.002 -19"><span class='ocrx_word' id='word_1_49' title='bbox 234 805 410 873; x_wconf 88' lang='grc' dir='ltr'><em>χάριν.</em></span> <span class='ocrx_word' id='word_1_50' title='bbox 450 805 523 867; x_wconf 79' lang='grc' dir='ltr'><em>ὡς</em></span> <span class='ocrx_word' id='word_1_51' title='bbox 555 811 610 857; x_wconf 73' lang='grc' dir='ltr'><em>εἴ</em></span> <span class='ocrx_word' id='word_1_52' title='bbox 636 825 696 872; x_wconf 84' lang='grc' dir='ltr'><em>γε</em></span> <span class='ocrx_word' id='word_1_53' title='bbox 730 804 932 874; x_wconf 81' lang='grc' dir='ltr'><em>ὀφθείη</em></span> <span class='ocrx_word' id='word_1_54' title='bbox 965 809 1157 874; x_wconf 76' lang='grc' dir='ltr'><em>μόνον,</em></span> <span class='ocrx_word' id='word_1_55' title='bbox 1190 805 1314 859; x_wconf 86' lang='grc' dir='ltr'><em>οὐδ’</em></span> <span class='ocrx_word' id='word_1_56' title='bbox 1350 806 1420 860; x_wconf 73' lang='grc' dir='ltr'><em>ἂν</em></span> <span class='ocrx_word' id='word_1_57' title='bbox 1450 808 1732 875; x_wconf 88' lang='grc' dir='ltr'><em>βούλησθε</em></span> <span class='ocrx_word' id='word_1_58' title='bbox 1771 827 1929 860; x_wconf 88' lang='grc' dir='ltr'><em>κατα-</em></span> 
     </span>
     <span class='ocr_line' id='line_1_9' title="bbox 233 893 1926 964; baseline 0.002 -18"><span class='ocrx_word' id='word_1_59' title='bbox 233 897 464 960; x_wconf 73' lang='grc' dir='ltr'><em>κρίνειν,</em></span> <span class='ocrx_word' id='word_1_60' title='bbox 505 893 778 960; x_wconf 79' lang='grc' dir='ltr'><em>ἀνέξομαι.</em></span> <span class='ocrx_word' id='word_1_61' title='bbox 835 895 936 946; x_wconf 86' lang='grc' dir='ltr'><em>δύο</em></span> <span class='ocrx_word' id='word_1_62' title='bbox 977 896 1081 963; x_wconf 78' lang='grc' dir='ltr'><em>γὰρ</em></span> <span class='ocrx_word' id='word_1_63' title='bbox 1131 897 1233 964; x_wconf 82' lang='grc' dir='ltr'><em>ἔχω</em></span> <span class='ocrx_word' id='word_1_64' title='bbox 1281 896 1484 964; x_wconf 81' lang='grc' dir='ltr'><em>ψυχάς,</em></span> <span class='ocrx_word' id='word_1_65' title='bbox 1531 897 1633 964; x_wconf 87' lang='grc' dir='ltr'><em>τὴν</em></span> <span class='ocrx_word' id='word_1_66' title='bbox 1678 893 1780 963; x_wconf 73' lang='grc' dir='ltr'><em>μὲν</em></span> <span class='ocrx_word' id='word_1_67' title='bbox 1825 903 1926 950; x_wconf 85' lang='grc' dir='ltr'><em>τοῦ</em></span> 
     </span>
     <span class='ocr_line' id='line_1_10' title="bbox 233 981 1926 1051; baseline 0.003 -18"><span class='ocrx_word' id='word_1_68' title='bbox 233 986 459 1051; x_wconf 78' lang='grc' dir='ltr'><em>τρόπου,</em></span> <span class='ocrx_word' id='word_1_69' title='bbox 499 984 600 1051; x_wconf 87' lang='grc' dir='ltr'><em>τὴν</em></span> <span class='ocrx_word' id='word_1_70' title='bbox 639 983 701 1035; x_wconf 79' lang='grc' dir='ltr'><em>δὲ</em></span> <span class='ocrx_word' id='word_1_71' title='bbox 740 982 875 1051; x_wconf 83' lang='grc' dir='ltr'><em>ὅλην</em></span> <span class='ocrx_word' id='word_1_72' title='bbox 911 981 1260 1050; x_wconf 82' lang='grc' dir='ltr'><em>Ἀλκιβιάδου</em></span> <span class='ocrx_word' id='word_1_73' title='bbox 1299 983 1390 1037; x_wconf 86' lang='grc' dir='ltr'><em>καὶ</em></span> <span class='ocrx_word' id='word_1_74' title='bbox 1430 993 1528 1038; x_wconf 89' lang='grc' dir='ltr'><em>τοῦ</em></span> <span class='ocrx_word' id='word_1_75' title='bbox 1569 993 1753 1038; x_wconf 87' lang='grc' dir='ltr'><em>κακοῦ.</em></span> <span class='ocrx_word' id='word_1_76' title='bbox 1794 985 1926 1038; x_wconf 81' lang='grc' dir='ltr'><em>ὅταν</em></span> 
     </span>
    </p>

    <p class='ocr_par' dir='ltr' id='par_1_4' title="bbox 168 1071 1927 1501">
     <span class='ocr_line' id='line_1_11' title="bbox 168 1071 1926 1143; baseline 0 -17"><span class='ocrx_word' id='word_1_77' title='bbox 168 1095 211 1126; x_wconf 89' lang='lat'><em>10</em></span> <span class='ocrx_word' id='word_1_78' title='bbox 231 1073 339 1140; x_wconf 72' lang='grc' dir='ltr'><em>’γὰρ</em></span> <span class='ocrx_word' id='word_1_79' title='bbox 386 1072 447 1123; x_wconf 88' lang='grc' dir='ltr'><em>τὸ</em></span> <span class='ocrx_word' id='word_1_80' title='bbox 495 1072 694 1134; x_wconf 86' lang='grc' dir='ltr'><em>κάλλος</em></span> <span class='ocrx_word' id='word_1_81' title='bbox 742 1071 1046 1140; x_wconf 84' lang='grc' dir='ltr'><em>ἐνθυμηθῶ</em></span> <span class='ocrx_word' id='word_1_82' title='bbox 1094 1072 1182 1125; x_wconf 84' lang='grc' dir='ltr'><em>καὶ</em></span> <span class='ocrx_word' id='word_1_83' title='bbox 1239 1074 1340 1142; x_wconf 83' lang='grc' dir='ltr'><em>τὴν</em></span> <span class='ocrx_word' id='word_1_84' title='bbox 1385 1074 1535 1143; x_wconf 80' lang='grc' dir='ltr'><em>ὥραν</em></span> <span class='ocrx_word' id='word_1_85' title='bbox 1573 1072 1926 1141; x_wconf 88' lang='grc' dir='ltr'><em>Ἀλκιβιάδου</em></span> 
     </span>
     <span class='ocr_line' id='line_1_12' title="bbox 234 1159 1927 1228; baseline 0.002 -16"><span class='ocrx_word' id='word_1_86' title='bbox 234 1161 322 1212; x_wconf 82' lang='grc' dir='ltr'><em>καὶ</em></span> <span class='ocrx_word' id='word_1_87' title='bbox 363 1161 424 1213; x_wconf 91' lang='grc' dir='ltr'><em>τὸ</em></span> <span class='ocrx_word' id='word_1_88' title='bbox 464 1159 674 1228; x_wconf 81' lang='grc' dir='ltr'><em>βλέμμα</em></span> <span class='ocrx_word' id='word_1_89' title='bbox 715 1159 805 1212; x_wconf 85' lang='grc' dir='ltr'><em>καὶ</em></span> <span class='ocrx_word' id='word_1_90' title='bbox 845 1162 905 1214; x_wconf 92' lang='grc' dir='ltr'><em>τὸ</em></span> <span class='ocrx_word' id='word_1_91' title='bbox 947 1162 1190 1227; x_wconf 85' lang='grc' dir='ltr'><em>βάδισμα</em></span> <span class='ocrx_word' id='word_1_92' title='bbox 1235 1160 1326 1214; x_wconf 80' lang='grc' dir='ltr'><em>καὶ</em></span> <span class='ocrx_word' id='word_1_93' title='bbox 1373 1164 1502 1225; x_wconf 80' lang='grc' dir='ltr'><em>τοὺς</em></span> <span class='ocrx_word' id='word_1_94' title='bbox 1548 1166 1789 1225; x_wconf 82' lang='grc' dir='ltr'><em>πολλοὺς</em></span> <span class='ocrx_word' id='word_1_95' title='bbox 1838 1165 1927 1216; x_wconf 89' lang='grc' dir='ltr'><em>κό-</em></span> 
     </span>
     <span class='ocr_line' id='line_1_13' title="bbox 235 1250 1926 1320; baseline 0.002 -19"><span class='ocrx_word' id='word_1_96' title='bbox 235 1253 402 1311; x_wconf 79' lang='grc' dir='ltr'><em>λακας</em></span> <span class='ocrx_word' id='word_1_97' title='bbox 439 1250 530 1302; x_wconf 80' lang='grc' dir='ltr'><em>καὶ</em></span> <span class='ocrx_word' id='word_1_98' title='bbox 568 1252 698 1311; x_wconf 82' lang='grc' dir='ltr'><em>τοὺς</em></span> <span class='ocrx_word' id='word_1_99' title='bbox 745 1250 1076 1317; x_wconf 71' lang='grc' dir='ltr'><em>ἀντεραστάς</em></span> <span class='ocrx_word' id='word_1_100' title='bbox 1123 1252 1252 1312; x_wconf 78' lang='grc' dir='ltr'><em>τοὺς</em></span> <span class='ocrx_word' id='word_1_101' title='bbox 1300 1251 1486 1319; x_wconf 76' lang='grc' dir='ltr'><em>ἐμούς,</em></span> <span class='ocrx_word' id='word_1_102' title='bbox 1534 1250 1926 1320; x_wconf 82' lang='grc' dir='ltr'><em>ἐξανδραποδί-</em></span> 
     </span>
     <span class='ocr_line' id='line_1_14' title="bbox 234 1337 1926 1408; baseline 0.002 -18"><span class='ocrx_word' id='word_1_103' title='bbox 234 1340 389 1404; x_wconf 79' lang='grc' dir='ltr'><em>ζομαι</em></span> <span class='ocrx_word' id='word_1_104' title='bbox 436 1337 526 1391; x_wconf 85' lang='grc' dir='ltr'><em>καὶ</em></span> <span class='ocrx_word' id='word_1_105' title='bbox 575 1338 926 1406; x_wconf 87' lang='grc' dir='ltr'><em>παραδίδωμι</em></span> <span class='ocrx_word' id='word_1_106' title='bbox 983 1337 1211 1407; x_wconf 81' lang='grc' dir='ltr'><em>δέσμιον</em></span> <span class='ocrx_word' id='word_1_107' title='bbox 1267 1339 1505 1408; x_wconf 83' lang='grc' dir='ltr'><em>ἐμαυτὸν</em></span> <span class='ocrx_word' id='word_1_108' title='bbox 1557 1339 1644 1392; x_wconf 82' lang='grc' dir='ltr'><em>καὶ</em></span> <span class='ocrx_word' id='word_1_109' title='bbox 1702 1341 1926 1394; x_wconf 88' lang='grc' dir='ltr'><em>πάντων</em></span> 
     </span>
     <span class='ocr_line' id='line_1_15' title="bbox 233 1427 1926 1501; baseline 0.002 -22"><span class='ocrx_word' id='word_1_110' title='bbox 233 1430 638 1496; x_wconf 85' lang='grc' dir='ltr'><em>προτιμότατον</em></span> <span class='ocrx_word' id='word_1_111' title='bbox 662 1427 899 1495; x_wconf 78' lang='grc' dir='ltr'><em>ἡγοῦμαι</em></span> <span class='ocrx_word' id='word_1_112' title='bbox 924 1429 985 1481; x_wconf 90' lang='grc' dir='ltr'><em>τὸ</em></span> <span class='ocrx_word' id='word_1_113' title='bbox 1011 1438 1262 1480; x_wconf 79' lang='grc' dir='ltr'><em>συνεῖναι</em></span> <span class='ocrx_word' id='word_1_114' title='bbox 1290 1434 1366 1499; x_wconf 76' lang='grc' dir='ltr'><em>τῷ</em></span> <span class='ocrx_word' id='word_1_115' title='bbox 1398 1431 1673 1501; x_wconf 81' lang='grc' dir='ltr'><em>μειρακίῳ.</em></span> <span class='ocrx_word' id='word_1_116' title='bbox 1718 1429 1798 1482; x_wconf 81' lang='grc'><em>19.</em></span> <span class='ocrx_word' id='word_1_117' title='bbox 1825 1430 1926 1497; x_wconf 88' lang='grc' dir='ltr'><em>τὴν</em></span> 
     </span>
    </p>

    <p class='ocr_par' dir='ltr' id='par_1_5' title="bbox 170 1512 1926 1853">
     <span class='ocr_line' id='line_1_16' title="bbox 170 1512 1926 1584; baseline 0 -14"><span class='ocrx_word' id='word_1_118' title='bbox 170 1538 210 1570; x_wconf 80' lang='grc'><em>15</em></span> <span class='ocrx_word' id='word_1_119' title='bbox 235 1517 411 1584; x_wconf 87' lang='grc' dir='ltr'><em>φύσιν</em></span> <span class='ocrx_word' id='word_1_120' title='bbox 458 1512 518 1568; x_wconf 74' lang='grc' dir='ltr'><em>δὲ</em></span> <span class='ocrx_word' id='word_1_121' title='bbox 565 1516 697 1568; x_wconf 80' lang='grc' dir='ltr'><em>ὅταν</em></span> <span class='ocrx_word' id='word_1_122' title='bbox 745 1519 1048 1584; x_wconf 82' lang='grc' dir='ltr'><em>λογίσωμαι</em></span> <span class='ocrx_word' id='word_1_123' title='bbox 1102 1517 1270 1569; x_wconf 88' lang='grc' dir='ltr'><em>πάλιν</em></span> <span class='ocrx_word' id='word_1_124' title='bbox 1323 1515 1413 1569; x_wconf 86' lang='grc' dir='ltr'><em>καὶ</em></span> <span class='ocrx_word' id='word_1_125' title='bbox 1462 1520 1523 1570; x_wconf 90' lang='grc' dir='ltr'><em>τὸ</em></span> <span class='ocrx_word' id='word_1_126' title='bbox 1570 1518 1741 1571; x_wconf 88' lang='grc' dir='ltr'><em>κακὸν</em></span> <span class='ocrx_word' id='word_1_127' title='bbox 1791 1518 1926 1570; x_wconf 85' lang='grc' dir='ltr'><em>ὅσον</em></span> 
     </span>
     <span class='ocr_line' id='line_1_17' title="bbox 235 1601 1925 1675; baseline 0.002 -19"><span class='ocrx_word' id='word_1_128' title='bbox 235 1601 378 1657; x_wconf 83' lang='grc' dir='ltr'><em>εἶσιν</em></span> <span class='ocrx_word' id='word_1_129' title='bbox 426 1602 504 1657; x_wconf 82' lang='grc' dir='ltr'><em>ἐπ’</em></span> <span class='ocrx_word' id='word_1_130' title='bbox 559 1603 799 1673; x_wconf 80' lang='grc' dir='ltr'><em>ἐμαυτόν</em></span> <span class='ocrx_word' id='word_1_131' title='bbox 845 1603 935 1657; x_wconf 84' lang='grc' dir='ltr'><em>καὶ</em></span> <span class='ocrx_word' id='word_1_132' title='bbox 989 1605 1061 1667; x_wconf 80' lang='grc' dir='ltr'><em>ὡς</em></span> <span class='ocrx_word' id='word_1_133' title='bbox 1111 1607 1411 1675; x_wconf 81' lang='grc' dir='ltr'><em>ἄνθρωπος</em></span> <span class='ocrx_word' id='word_1_134' title='bbox 1450 1605 1796 1675; x_wconf 79' lang='grc' dir='ltr'><em>Ἀλκιβιάδης</em></span> <span class='ocrx_word' id='word_1_135' title='bbox 1834 1607 1925 1659; x_wconf 83' lang='grc' dir='ltr'><em>καὶ</em></span> 
     </span>
     <span class='ocr_line' id='line_1_18' title="bbox 234 1691 1925 1763; baseline 0.001 -17"><span class='ocrx_word' id='word_1_136' title='bbox 234 1694 306 1756; x_wconf 83' lang='grc' dir='ltr'><em>ὡς</em></span> <span class='ocrx_word' id='word_1_137' title='bbox 345 1694 650 1763; x_wconf 82' lang='grc' dir='ltr'><em>ἀνθρώπου</em></span> <span class='ocrx_word' id='word_1_138' title='bbox 698 1697 881 1760; x_wconf 92' lang='grc' dir='ltr'><em>Τίμων</em></span> <span class='ocrx_word' id='word_1_139' title='bbox 914 1693 1036 1761; x_wconf 74' lang='grc' dir='ltr'><em>ἐρῶ,</em></span> <span class='ocrx_word' id='word_1_140' title='bbox 1068 1703 1250 1762; x_wconf 89' lang='grc' dir='ltr'><em>μισεῖν</em></span> <span class='ocrx_word' id='word_1_141' title='bbox 1280 1691 1383 1761; x_wconf 75' lang='grc' dir='ltr'><em>μὲν</em></span> <span class='ocrx_word' id='word_1_142' title='bbox 1407 1693 1760 1763; x_wconf 87' lang='grc' dir='ltr'><em>Ἀλκιβιάδην</em></span> <span class='ocrx_word' id='word_1_143' title='bbox 1793 1691 1925 1748; x_wconf 76' lang='grc' dir='ltr'><em>οὐδὲ</em></span> 
     </span>
     <span class='ocr_line' id='line_1_19' title="bbox 235 1780 1924 1853; baseline 0.001 -18"><span class='ocrx_word' id='word_1_144' title='bbox 235 1783 379 1835; x_wconf 82' lang='grc' dir='ltr'><em>οὕτω</em></span> <span class='ocrx_word' id='word_1_145' title='bbox 422 1783 680 1849; x_wconf 78' lang='grc' dir='ltr'><em>δύναμαι,</em></span> <span class='ocrx_word' id='word_1_146' title='bbox 719 1783 793 1849; x_wconf 80' lang='grc' dir='ltr'><em>μὰ</em></span> <span class='ocrx_word' id='word_1_147' title='bbox 830 1786 959 1845; x_wconf 82' lang='grc' dir='ltr'><em>τοὺς</em></span> <span class='ocrx_word' id='word_1_148' title='bbox 997 1784 1192 1850; x_wconf 73' lang='grc' dir='ltr'><em>θεούς,</em></span> <span class='ocrx_word' id='word_1_149' title='bbox 1239 1782 1355 1836; x_wconf 90' lang='grc' dir='ltr'><em>κατ’</em></span> <span class='ocrx_word' id='word_1_150' title='bbox 1401 1783 1639 1850; x_wconf 81' lang='grc' dir='ltr'><em>ἐμαυτοῦ</em></span> <span class='ocrx_word' id='word_1_151' title='bbox 1688 1780 1748 1836; x_wconf 72' lang='grc' dir='ltr'><em>δὲ</em></span> <span class='ocrx_word' id='word_1_152' title='bbox 1787 1793 1924 1853; x_wconf 87' lang='grc' dir='ltr'><em>χρῶ-</em></span> 
     </span>
    </p>
   </div>
   <div class='ocr_carea' id='block_1_3' title="bbox 234 1916 590 1923">
    <p class='ocr_par' dir='ltr' id='par_1_6' title="bbox 234 1916 590 1923">
     <span class='ocr_line' id='line_1_20' title="bbox 234 1916 590 1923; baseline 0 1269"><span class='ocrx_word' id='word_1_153' title='bbox 234 1916 590 1923; x_wconf 95' lang='lat' dir='ltr'><em> </em></span> 
     </span>
    </p>
   </div>
   <div class='ocr_carea' id='block_1_4' title="bbox 356 1988 718 2033">
    <p class='ocr_par' dir='ltr' id='par_1_7' title="bbox 356 1988 718 2033">
     <span class='ocr_line' id='line_1_21' title="bbox 356 1988 718 2033; baseline 0 -2"><span class='ocrx_word' id='word_1_154' title='bbox 356 1993 409 2031; x_wconf 84' lang='lat'><em>12</em></span> <span class='ocrx_word' id='word_1_155' title='bbox 442 1988 548 2033; x_wconf 82' lang='lat' dir='ltr'>Her.</span> <span class='ocrx_word' id='word_1_156' title='bbox 576 1989 638 2031; x_wconf 84' lang='lat' dir='ltr'><em>VI</em></span> <span class='ocrx_word' id='word_1_157' title='bbox 664 1994 718 2032; x_wconf 84' lang='lat'><em>94</em></span> 
     </span>
    </p>
   </div>
   <div class='ocr_carea' id='block_1_5' title="bbox 234 2110 590 2117">
    <p class='ocr_par' dir='ltr' id='par_1_8' title="bbox 234 2110 590 2117">
     <span class='ocr_line' id='line_1_22' title="bbox 234 2110 590 2117; baseline 0 0"><span class='ocrx_word' id='word_1_158' title='bbox 234 2110 590 2117; x_wconf 95' lang='lat' dir='ltr'><em> </em></span> 
     </span>
    </p>
   </div>
   <div class='ocr_carea' id='block_1_6' title="bbox 229 2179 1924 2772">
    <p class='ocr_par' dir='ltr' id='par_1_9' title="bbox 229 2179 1924 2710">
     <span class='ocr_line' id='line_1_23' title="bbox 354 2179 1924 2238; baseline -0.001 -14"><span class='ocrx_word' id='word_1_159' title='bbox 354 2185 379 2223; x_wconf 80' lang='lat'><strong>2</strong></span> <span class='ocrx_word' id='word_1_160' title='bbox 414 2179 459 2225; x_wconf 83' lang='grc' dir='ltr'><em>δ’</em></span> <span class='ocrx_word' id='word_1_161' title='bbox 490 2182 549 2225; x_wconf 88' lang='grc' dir='ltr'><em>Η</em></span> <span class='ocrx_word' id='word_1_162' title='bbox 576 2185 581 2237; x_wconf 79' lang='lat' dir='ltr'>l</span> <span class='ocrx_word' id='word_1_163' title='bbox 623 2182 697 2225; x_wconf 80' lang='grc' dir='ltr'><em>ἐπὶ</em></span> <span class='ocrx_word' id='word_1_164' title='bbox 729 2181 779 2225; x_wconf 91' lang='grc' dir='ltr'><em>τὸ</em></span> <span class='ocrx_word' id='word_1_165' title='bbox 814 2182 978 2238; x_wconf 80' lang='lat' dir='ltr'>scripsi</span> <span class='ocrx_word' id='word_1_166' title='bbox 1011 2184 1200 2225; x_wconf 75' lang='lat' dir='ltr'>auctore</span> <span class='ocrx_word' id='word_1_167' title='bbox 1233 2182 1443 2225; x_wconf 87' lang='lat' dir='ltr'>Iacobsio</span> <span class='ocrx_word' id='word_1_168' title='bbox 1478 2182 1603 2225; x_wconf 73' lang='lat' dir='ltr'>Anth</span> <span class='ocrx_word' id='word_1_169' title='bbox 1634 2181 1719 2224; x_wconf 86' lang='lat' dir='ltr'><em>Pal</em></span> <span class='ocrx_word' id='word_1_170' title='bbox 1749 2180 1813 2224; x_wconf 85' lang='grc' dir='ltr'><em>ΠΙ</em></span> <span class='ocrx_word' id='word_1_171' title='bbox 1839 2185 1924 2224; x_wconf 76' lang='lat'><em>250</em></span> 
     </span>
     <span class='ocr_line' id='line_1_24' title="bbox 235 2238 1924 2297; baseline -0.001 -13"><span class='ocrx_word' id='word_1_172' title='bbox 235 2239 396 2296; x_wconf 87' lang='lat' dir='ltr'>collp</span> <span class='ocrx_word' id='word_1_173' title='bbox 401 2245 536 2292; x_wconf 78' lang='grc'>,546</span> <span class='ocrx_word' id='word_1_174' title='bbox 555 2246 580 2284; x_wconf 92' lang='grc'>5</span> <span class='ocrx_word' id='word_1_175' title='bbox 614 2243 661 2284; x_wconf 75' lang='lat' dir='ltr'><em>et</em></span> <span class='ocrx_word' id='word_1_176' title='bbox 693 2245 867 2296; x_wconf 82' lang='lat'><em>560,10</em></span> <span class='ocrx_word' id='word_1_177' title='bbox 931 2238 1006 2285; x_wconf 81' lang='grc' dir='ltr'><em>ἐπί</em></span> <span class='ocrx_word' id='word_1_178' title='bbox 1037 2258 1080 2284; x_wconf 91' lang='grc' dir='ltr'><em>τι</em></span> <span class='ocrx_word' id='word_1_179' title='bbox 1112 2241 1221 2284; x_wconf 82' lang='lat' dir='ltr'>libri</span> <span class='ocrx_word' id='word_1_180' title='bbox 1253 2242 1343 2284; x_wconf 84' lang='lat' dir='ltr'><em>edd</em></span> <span class='ocrx_word' id='word_1_181' title='bbox 1394 2243 1399 2297; x_wconf 82' lang='grc' dir='ltr'>Ι</span> <span class='ocrx_word' id='word_1_182' title='bbox 1451 2239 1560 2284; x_wconf 84' lang='grc' dir='ltr'><em>ὅσον</em></span> <span class='ocrx_word' id='word_1_183' title='bbox 1595 2239 1723 2284; x_wconf 77' lang='grc' dir='ltr'><em>οὔπω</em></span> <span class='ocrx_word' id='word_1_184' title='bbox 1762 2239 1924 2283; x_wconf 82' lang='lat' dir='ltr'>Iacobs</span> 
     </span>
     <span class='ocr_line' id='line_1_25' title="bbox 229 2255 1924 2356; baseline 0.001 -15"><span class='ocrx_word' id='word_1_185' title='bbox 229 2298 320 2343; x_wconf 82' lang='grc'><em>11.1.</em></span> <span class='ocrx_word' id='word_1_186' title='bbox 354 2255 410 2342; x_wconf 55' lang='grc' dir='ltr'><em>ἔτ</em></span> <span class='ocrx_word' id='word_1_187' title='bbox 435 2299 492 2343; x_wconf 84' lang='lat' dir='ltr'><em>cf</em></span> <span class='ocrx_word' id='word_1_188' title='bbox 526 2276 633 2343; x_wconf 53' lang='lat' dir='ltr'>&#39;Luc</span> <span class='ocrx_word' id='word_1_189' title='bbox 658 2314 794 2344; x_wconf 85' lang='lat' dir='ltr'>merc.</span> <span class='ocrx_word' id='word_1_190' title='bbox 821 2301 953 2344; x_wconf 89' lang='lat' dir='ltr'>cond.</span> <span class='ocrx_word' id='word_1_191' title='bbox 987 2305 1011 2353; x_wconf 69' lang='grc' dir='ltr'>ξ</span> <span class='ocrx_word' id='word_1_192' title='bbox 1038 2305 1115 2354; x_wconf 89' lang='lat'><em>31,</em></span> <span class='ocrx_word' id='word_1_193' title='bbox 1148 2301 1261 2343; x_wconf 87' lang='lat' dir='ltr'>Icar.</span> <span class='ocrx_word' id='word_1_194' title='bbox 1287 2305 1311 2353; x_wconf 66' lang='grc' dir='ltr'>ξ</span> <span class='ocrx_word' id='word_1_195' title='bbox 1338 2305 1393 2342; x_wconf 81' lang='grc'><em>22</em></span> <span class='ocrx_word' id='word_1_196' title='bbox 1518 2305 1540 2342; x_wconf 85' lang='grc'><strong>7</strong></span> <span class='ocrx_word' id='word_1_197' title='bbox 1575 2299 1823 2356; x_wconf 81' lang='grc' dir='ltr'><em>βούλοισθε</em></span> <span class='ocrx_word' id='word_1_198' title='bbox 1858 2300 1924 2344; x_wconf 87' lang='lat' dir='ltr'><em>Va</em></span> 
     </span>
     <span class='ocr_line' id='line_1_26' title="bbox 236 2356 1922 2416; baseline -0.001 -14"><span class='ocrx_word' id='word_1_199' title='bbox 236 2357 326 2402; x_wconf 87' lang='lat' dir='ltr'><em>Ma</em></span> <span class='ocrx_word' id='word_1_200' title='bbox 447 2363 471 2401; x_wconf 87' lang='lat'>9</span> <span class='ocrx_word' id='word_1_201' title='bbox 508 2356 615 2415; x_wconf 82' lang='grc' dir='ltr'><em>ὅλην</em></span> <span class='ocrx_word' id='word_1_202' title='bbox 643 2361 730 2404; x_wconf 87' lang='lat' dir='ltr'><em>Ma</em></span> <span class='ocrx_word' id='word_1_203' title='bbox 763 2359 880 2402; x_wconf 83' lang='lat' dir='ltr'><em>sed</em></span> <span class='ocrx_word' id='word_1_204' title='bbox 867 2374 917 2402; x_wconf 85' lang='lat'><em>111</em></span> <span class='ocrx_word' id='word_1_205' title='bbox 948 2358 1089 2416; x_wconf 80' lang='grc' dir='ltr'><em>ἄλλην</em></span> <span class='ocrx_word' id='word_1_206' title='bbox 1114 2373 1215 2403; x_wconf 87' lang='lat' dir='ltr'>corr</span> <span class='ocrx_word' id='word_1_207' title='bbox 1237 2360 1308 2402; x_wconf 77' lang='lat' dir='ltr'><em>m⁸</em></span> <span class='ocrx_word' id='word_1_208' title='bbox 1369 2359 1510 2415; x_wconf 81' lang='grc' dir='ltr'><em>ἄλλην</em></span> <span class='ocrx_word' id='word_1_209' title='bbox 1540 2360 1606 2403; x_wconf 87' lang='lat' dir='ltr'><em>Va</em></span> <span class='ocrx_word' id='word_1_210' title='bbox 1641 2360 1646 2414; x_wconf 86' lang='grc' dir='ltr'>Ι</span> <span class='ocrx_word' id='word_1_211' title='bbox 1683 2357 1761 2402; x_wconf 86' lang='grc' dir='ltr'><em>καί</em></span> <span class='ocrx_word' id='word_1_212' title='bbox 1786 2384 1839 2390; x_wconf 90' lang='grc'>-</span> <span class='ocrx_word' id='word_1_213' title='bbox 1868 2362 1922 2400; x_wconf 88' lang='grc'><em>10</em></span> 
     </span>
     <span class='ocr_line' id='line_1_27' title="bbox 234 2415 1924 2485; baseline 0 -24"><span class='ocrx_word' id='word_1_214' title='bbox 234 2415 517 2485; x_wconf 70' lang='grc' dir='ltr'><em>Ἀλκιβιάδου</em></span> <span class='ocrx_word' id='word_1_215' title='bbox 547 2418 596 2460; x_wconf 91' lang='lat' dir='ltr'><em>in</em></span> <span class='ocrx_word' id='word_1_216' title='bbox 627 2431 761 2476; x_wconf 86' lang='lat' dir='ltr'>marg</span> <span class='ocrx_word' id='word_1_217' title='bbox 790 2418 915 2461; x_wconf 83' lang='lat' dir='ltr'>inser</span> <span class='ocrx_word' id='word_1_218' title='bbox 941 2420 1030 2462; x_wconf 87' lang='lat' dir='ltr'><em>Ma</em></span> <span class='ocrx_word' id='word_1_219' title='bbox 1057 2423 1063 2475; x_wconf 69' lang='grc'><em>1</em></span> <span class='ocrx_word' id='word_1_220' title='bbox 1091 2420 1171 2462; x_wconf 83' lang='grc' dir='ltr'><em>καὶ</em></span> <span class='ocrx_word' id='word_1_221' title='bbox 1202 2433 1277 2463; x_wconf 88' lang='grc'>0111</span> <span class='ocrx_word' id='word_1_222' title='bbox 1303 2419 1360 2462; x_wconf 89' lang='lat' dir='ltr'><strong><em>H</em></strong></span> <span class='ocrx_word' id='word_1_223' title='bbox 1477 2423 1528 2460; x_wconf 90' lang='lat'><em>13</em></span> <span class='ocrx_word' id='word_1_224' title='bbox 1563 2416 1728 2462; x_wconf 80' lang='grc' dir='ltr'><em>ἑαυτὸν</em></span> <span class='ocrx_word' id='word_1_225' title='bbox 1761 2416 1924 2461; x_wconf 86' lang='lat' dir='ltr'><em>VaMa</em></span> 
     </span>
     <span class='ocr_line' id='line_1_28' title="bbox 232 2475 1921 2550; baseline -0.001 -27.994"><span class='ocrx_word' id='word_1_226' title='bbox 232 2475 290 2522; x_wconf 77' lang='lat' dir='ltr'><em>Ol</em></span> <span class='ocrx_word' id='word_1_227' title='bbox 320 2479 367 2520; x_wconf 73' lang='lat' dir='ltr'><em>eb</em></span> <span class='ocrx_word' id='word_1_228' title='bbox 398 2494 452 2533; x_wconf 81' lang='grc' dir='ltr'><em>γρ</em></span> <span class='ocrx_word' id='word_1_229' title='bbox 492 2477 540 2519; x_wconf 87' lang='lat' dir='ltr'><em>in</em></span> <span class='ocrx_word' id='word_1_230' title='bbox 580 2492 727 2550; x_wconf 86' lang='lat' dir='ltr'>marg</span> <span class='ocrx_word' id='word_1_231' title='bbox 744 2477 845 2521; x_wconf 92' lang='lat' dir='ltr'>Mor</span> <span class='ocrx_word' id='word_1_232' title='bbox 989 2483 1043 2521; x_wconf 86' lang='lat'><em>14</em></span> <span class='ocrx_word' id='word_1_233' title='bbox 1086 2479 1432 2533; x_wconf 82' lang='grc' dir='ltr'><em>προτιμώτατον</em></span> <span class='ocrx_word' id='word_1_234' title='bbox 1457 2478 1506 2521; x_wconf 90' lang='lat' dir='ltr'><em>D</em></span> <span class='ocrx_word' id='word_1_235' title='bbox 1540 2476 1630 2519; x_wconf 80' lang='lat' dir='ltr'><em>edd</em></span> <span class='ocrx_word' id='word_1_236' title='bbox 1705 2475 1921 2531; x_wconf 86' lang='grc' dir='ltr'><em>προτιμό-</em></span> 
     </span>
     <span class='ocr_line' id='line_1_29' title="bbox 233 2532 1923 2592; baseline 0 -14"><span class='ocrx_word' id='word_1_237' title='bbox 233 2551 370 2590; x_wconf 84' lang='grc' dir='ltr'><em>τερον</em></span> <span class='ocrx_word' id='word_1_238' title='bbox 389 2536 456 2580; x_wconf 88' lang='lat' dir='ltr'><em>Va</em></span> <span class='ocrx_word' id='word_1_239' title='bbox 579 2541 632 2579; x_wconf 84' lang='lat'><em>15</em></span> <span class='ocrx_word' id='word_1_240' title='bbox 660 2533 727 2580; x_wconf 80' lang='grc' dir='ltr'><em>στ’</em></span> <span class='ocrx_word' id='word_1_241' title='bbox 757 2534 817 2580; x_wconf 74' lang='grc' dir='ltr'><em>ἂν</em></span> <span class='ocrx_word' id='word_1_242' title='bbox 836 2537 888 2581; x_wconf 79' lang='lat' dir='ltr'><em>Ol</em></span> <span class='ocrx_word' id='word_1_243' title='bbox 914 2539 919 2592; x_wconf 90' lang='grc' dir='ltr'>Ι</span> <span class='ocrx_word' id='word_1_244' title='bbox 948 2536 1088 2580; x_wconf 85' lang='grc' dir='ltr'><em>πάλιν</em></span> <span class='ocrx_word' id='word_1_245' title='bbox 1113 2551 1188 2580; x_wconf 88' lang='lat' dir='ltr'><em>om</em></span> <span class='ocrx_word' id='word_1_246' title='bbox 1213 2538 1262 2580; x_wconf 89' lang='lat' dir='ltr'><em>D</em></span> <span class='ocrx_word' id='word_1_247' title='bbox 1385 2540 1438 2578; x_wconf 89' lang='lat'><em>16</em></span> <span class='ocrx_word' id='word_1_248' title='bbox 1473 2532 1587 2580; x_wconf 84' lang='grc' dir='ltr'><em>εἶσιν</em></span> <span class='ocrx_word' id='word_1_249' title='bbox 1621 2535 1783 2591; x_wconf 83' lang='lat' dir='ltr'>scripsi</span> <span class='ocrx_word' id='word_1_250' title='bbox 1815 2548 1923 2578; x_wconf 87' lang='lat' dir='ltr'>auc-</span> 
     </span>
     <span class='ocr_line' id='line_1_30' title="bbox 233 2591 1921 2650; baseline 0.001 -13"><span class='ocrx_word' id='word_1_251' title='bbox 233 2591 334 2638; x_wconf 73' lang='lat' dir='ltr'>‘tore</span> <span class='ocrx_word' id='word_1_252' title='bbox 365 2594 433 2638; x_wconf 79' lang='lat' dir='ltr'><em>Re</em></span> <span class='ocrx_word' id='word_1_253' title='bbox 465 2595 546 2650; x_wconf 91' lang='lat' dir='ltr'><em>qui</em></span> <span class='ocrx_word' id='word_1_254' title='bbox 577 2596 791 2639; x_wconf 73' lang='lat' dir='ltr'>adnotat.</span> <span class='ocrx_word' id='word_1_255' title='bbox 830 2610 965 2650; x_wconf 74' lang='lat' dir='ltr'><em>„num</em></span> <span class='ocrx_word' id='word_1_256' title='bbox 997 2592 1113 2640; x_wconf 83' lang='grc' dir='ltr'><em>εἶσιν</em></span> <span class='ocrx_word' id='word_1_257' title='bbox 1143 2595 1298 2649; x_wconf 79' lang='lat' dir='ltr'>vadat,</span> <span class='ocrx_word' id='word_1_258' title='bbox 1332 2595 1552 2638; x_wconf 72' lang='lat' dir='ltr'>accedat?</span> <span class='ocrx_word' id='word_1_259' title='bbox 1593 2609 1655 2638; x_wconf 78' lang='lat' dir='ltr'><em>(m</em></span> <span class='ocrx_word' id='word_1_260' title='bbox 1687 2595 1805 2638; x_wconf 80' lang='lat' dir='ltr'><strong><em>deest</em></strong></span> <span class='ocrx_word' id='word_1_261' title='bbox 1834 2595 1921 2638; x_wconf 80' lang='lat' dir='ltr'><em>ali-</em></span> 
     </span>
     <span class='ocr_line' id='line_1_31' title="bbox 235 2653 1923 2726; baseline -0.001 -30"><span class='ocrx_word' id='word_1_262' title='bbox 235 2653 402 2726; x_wconf 38' lang='lat' dir='ltr'><em>quid?</em></span> <span class='ocrx_word' id='word_1_263' title='bbox 469 2654 591 2698; x_wconf 83' lang='grc' dir='ltr'><em>ἐστὶν</em></span> <span class='ocrx_word' id='word_1_264' title='bbox 621 2654 731 2697; x_wconf 81' lang='lat' dir='ltr'>libri</span> <span class='ocrx_word' id='word_1_265' title='bbox 763 2655 854 2698; x_wconf 83' lang='lat' dir='ltr'><em>edd</em></span> <span class='ocrx_word' id='word_1_266' title='bbox 917 2654 1019 2711; x_wconf 78' lang='grc' dir='ltr'><em>ἔστη</em></span> <span class='ocrx_word' id='word_1_267' title='bbox 1053 2654 1214 2698; x_wconf 90' lang='lat' dir='ltr'>Iacobs</span> <span class='ocrx_word' id='word_1_268' title='bbox 1238 2654 1350 2697; x_wconf 66' lang='lat' dir='ltr'>Lech</span> <span class='ocrx_word' id='word_1_269' title='bbox 1375 2658 1427 2696; x_wconf 83' lang='lat'><em>97</em></span> <span class='ocrx_word' id='word_1_270' title='bbox 1458 2656 1464 2710; x_wconf 84' lang='grc' dir='ltr'>Ι</span> <span class='ocrx_word' id='word_1_271' title='bbox 1493 2653 1692 2708; x_wconf 76' lang='grc' dir='ltr'><em>ἐμαυτὸν</em></span> <span class='ocrx_word' id='word_1_272' title='bbox 1719 2654 1807 2697; x_wconf 87' lang='lat' dir='ltr'><em>Ma</em></span> <span class='ocrx_word' id='word_1_273' title='bbox 1840 2653 1923 2696; x_wconf 83' lang='lat' dir='ltr'><em>sed</em></span> 
     </span>
    </p>

    <p class='ocr_par' dir='ltr' id='par_1_10' title="bbox 294 2672 1922 2772">
     <span class='ocr_line' id='line_1_32' title="bbox 294 2672 1922 2772; baseline -0.001 -16"><span class='ocrx_word' id='word_1_274' title='bbox 294 2709 399 2755; x_wconf 85' lang='grc' dir='ltr'><em>κατ’</em></span> <span class='ocrx_word' id='word_1_275' title='bbox 436 2713 632 2769; x_wconf 81' lang='grc' dir='ltr'><em>ἐμαυτοῦ</em></span> <span class='ocrx_word' id='word_1_276' title='bbox 669 2727 882 2769; x_wconf 79' lang='lat' dir='ltr'>suprascr</span> <span class='ocrx_word' id='word_1_277' title='bbox 918 2672 1019 2756; x_wconf 67' lang='grc' dir='ltr'><em>111ἱξη</em></span> <span class='ocrx_word' id='word_1_278' title='bbox 1065 2713 1264 2770; x_wconf 82' lang='grc' dir='ltr'><em>ἐμαυτοῦ</em></span> <span class='ocrx_word' id='word_1_279' title='bbox 1290 2713 1335 2756; x_wconf 91' lang='grc' dir='ltr'><strong><em>Β</em></strong></span> <span class='ocrx_word' id='word_1_280' title='bbox 1409 2712 1589 2772; x_wconf 82' lang='grc' dir='ltr'><em>ἐμαυτῷ</em></span> <span class='ocrx_word' id='word_1_281' title='bbox 1629 2712 1733 2756; x_wconf 88' lang='lat' dir='ltr'>coni</span> <span class='ocrx_word' id='word_1_282' title='bbox 1766 2711 1922 2756; x_wconf 82' lang='lat' dir='ltr'>Gasda</span> 
     </span>
    </p>
   </div>
   <div class='ocr_carea' id='block_1_7' title="bbox 235 2790 1921 2990">
    <p class='ocr_par' dir='ltr' id='par_1_11' title="bbox 235 2790 1921 2990">
     <span class='ocr_line' id='line_1_33' title="bbox 355 2790 1921 2872; baseline -0.001 -15"><span class='ocrx_word' id='word_1_283' title='bbox 355 2820 407 2858; x_wconf 81' lang='lat'><em>17</em></span> <span class='ocrx_word' id='word_1_284' title='bbox 441 2790 535 2871; x_wconf 66' lang='grc' dir='ltr'><em>ἐρᾶν</em></span> <span class='ocrx_word' id='word_1_285' title='bbox 548 2817 597 2860; x_wconf 90' lang='lat' dir='ltr'><em>D</em></span> <span class='ocrx_word' id='word_1_286' title='bbox 636 2818 642 2872; x_wconf 92' lang='grc' dir='ltr'>Ι</span> <span class='ocrx_word' id='word_1_287' title='bbox 685 2817 793 2860; x_wconf 80' lang='grc' dir='ltr'><em>οὐδὲ</em></span> <span class='ocrx_word' id='word_1_288' title='bbox 837 2833 955 2860; x_wconf 87' lang='grc' dir='ltr'><em>ουτω</em></span> <span class='ocrx_word' id='word_1_289' title='bbox 995 2831 1071 2860; x_wconf 86' lang='grc'>0111</span> <span class='ocrx_word' id='word_1_290' title='bbox 1108 2817 1158 2859; x_wconf 91' lang='lat' dir='ltr'><em>in</em></span> <span class='ocrx_word' id='word_1_291' title='bbox 1196 2815 1271 2859; x_wconf 85' lang='lat' dir='ltr'><em>lac</em></span> <span class='ocrx_word' id='word_1_292' title='bbox 1302 2821 1328 2860; x_wconf 88' lang='grc'>8</span> <span class='ocrx_word' id='word_1_293' title='bbox 1360 2815 1440 2859; x_wconf 75' lang='lat' dir='ltr'><em>litt</em></span> <span class='ocrx_word' id='word_1_294' title='bbox 1464 2816 1508 2858; x_wconf 88' lang='lat' dir='ltr'><em>B</em></span> <span class='ocrx_word' id='word_1_295' title='bbox 1543 2817 1549 2871; x_wconf 88' lang='grc' dir='ltr'>Ι</span> <span class='ocrx_word' id='word_1_296' title='bbox 1585 2813 1694 2859; x_wconf 79' lang='grc' dir='ltr'><em>οὐδὲ</em></span> <span class='ocrx_word' id='word_1_297' title='bbox 1720 2815 1808 2858; x_wconf 86' lang='grc' dir='ltr'><em>Μα</em></span> <span class='ocrx_word' id='word_1_298' title='bbox 1839 2813 1921 2857; x_wconf 84' lang='lat' dir='ltr'><em>sed</em></span> 
     </span>
     <span class='ocr_line' id='line_1_34' title="bbox 235 2871 1921 2931; baseline -0.001 -15"><span class='ocrx_word' id='word_1_299' title='bbox 235 2871 286 2916; x_wconf 75' lang='grc' dir='ltr'><em>δὲ</em></span> <span class='ocrx_word' id='word_1_300' title='bbox 318 2874 368 2917; x_wconf 88' lang='lat' dir='ltr'><em>in</em></span> <span class='ocrx_word' id='word_1_301' title='bbox 398 2888 473 2918; x_wconf 85' lang='lat' dir='ltr'>ras</span> <span class='ocrx_word' id='word_1_302' title='bbox 497 2875 567 2918; x_wconf 81' lang='lat' dir='ltr'><em>m⁸</em></span> <span class='ocrx_word' id='word_1_303' title='bbox 628 2875 731 2919; x_wconf 71' lang='grc' dir='ltr'><em>οὔτε</em></span> <span class='ocrx_word' id='word_1_304' title='bbox 757 2876 864 2920; x_wconf 72' lang='lat' dir='ltr'><em>Hel</em></span> <span class='ocrx_word' id='word_1_305' title='bbox 985 2879 1039 2918; x_wconf 88' lang='lat'><em>18</em></span> <span class='ocrx_word' id='word_1_306' title='bbox 1073 2875 1182 2930; x_wconf 81' lang='grc' dir='ltr'><em>ἐμοῦ</em></span> <span class='ocrx_word' id='word_1_307' title='bbox 1216 2877 1376 2919; x_wconf 82' lang='lat' dir='ltr'><em>VaMa</em></span> <span class='ocrx_word' id='word_1_308' title='bbox 1415 2875 1420 2929; x_wconf 91' lang='grc' dir='ltr'>Ι</span> <span class='ocrx_word' id='word_1_309' title='bbox 1463 2881 1641 2931; x_wconf 83' lang='grc' dir='ltr'><em>χρῶμαι</em></span> <span class='ocrx_word' id='word_1_310' title='bbox 1669 2873 1834 2929; x_wconf 86' lang='lat' dir='ltr'>scripsi</span> <span class='ocrx_word' id='word_1_311' title='bbox 1864 2885 1921 2916; x_wconf 81' lang='lat' dir='ltr'><em>ex</em></span> 
     </span>
     <span class='ocr_line' id='line_1_35' title="bbox 238 2932 1045 2990; baseline 0.001 -14"><span class='ocrx_word' id='word_1_312' title='bbox 238 2932 336 2976; x_wconf 87' lang='lat' dir='ltr'><em>HD</em></span> <span class='ocrx_word' id='word_1_313' title='bbox 396 2935 628 2990; x_wconf 84' lang='grc' dir='ltr'><em>χρωμενος</em></span> <span class='ocrx_word' id='word_1_314' title='bbox 650 2934 924 2979; x_wconf 81' lang='lat' dir='ltr'><em>BVaMaGl</em></span> <span class='ocrx_word' id='word_1_315' title='bbox 955 2935 1045 2978; x_wconf 82' lang='lat' dir='ltr'><em>edd</em></span> 
     </span>
    </p>
   </div>
  </div>
 </body>
</html>
