2026 3192
427 141 699 186 ACHILLIS
731 141 813 185 AD
850 141 1081 186 ULIXEM
1112 141 1443 209 ANTILOGIA
1654 142 1760 194 337

68 285 164 346 τῆς
226 277 568 347 ἀφαιρέσεως
630 277 854 346 ἀλγήσει
916 281 1128 346 μᾶλλον
1189 276 1223 345 ἢ
1285 286 1379 346 τῆς
1448 277 1765 340 ἀποδόσεως

67 372 271 419 εἵσεται
310 367 494 435 χάριν;
533 368 594 419 τὸ
634 363 736 435 μὲν
776 367 878 435 γὰρ
921 366 979 418 ἐκ
1017 375 1129 419 τῶν
1168 367 1398 419 δικαίων
1435 367 1663 436 ὑπῆρχε,
1703 368 1764 420 τὸ

68 464 180 508 τῶν
219 454 390 508 αὑτοῦ
429 464 672 523 κρατεῖν·
722 454 789 508 ὃν
835 452 883 508 δ’
931 454 1214 526 ἀφῄρηταί
1255 475 1337 517 τις
1376 458 1602 524 χρόνον,
1649 455 1764 524 ἠδί-

68 563 241 612 κηται.
295 544 387 597 καὶ
441 546 502 596 τὸ
555 543 659 612 μέν
713 543 864 597 ἐστιν
916 541 1180 613 ἔγκλημα,
1234 545 1295 597 τὸ
1352 541 1412 596 δὲ
1460 544 1562 597 οὐκ
1612 547 1764 597 ἔστιν

67 633 366 702 εὐεργεσία.
430 632 459 685 ὃ
514 634 618 701 γάρ
653 633 841 702 ε’χρῆν
895 642 1142 703 συνεχῶς
1195 631 1325 709 παρ’
1385 631 1503 700 ἐμοὶ
1557 632 1761 699 μένειν,

67 730 230 775 τοῦτο
271 721 541 791 ἁρπάσας,
587 718 680 775 εἶτ’
728 721 987 788 ἀποδούς,
1034 728 1110 793 τῷ
1149 718 1249 790 μὲν
1289 719 1533 789 ἐλύπεις,
1584 728 1659 792 τῷ
1700 721 1762 773 δὲ

67 809 136 863 οὐ
168 814 372 880 χαρίζῃ.
411 813 493 873 τίς
532 812 636 878 γὰρ
678 809 710 878 ἡ
749 811 904 879 χάρις
943 810 1248 879 ἀποστῆναι
1287 820 1399 863 τῶν
1432 810 1760 880 ἀλλοτρίων;

67 899 152 952 57.
195 899 278 952 ὅτι
318 902 515 952 τοίνυν
555 900 656 968 οὐχ
697 893 819 953 οἷόν
858 919 915 952 τε
948 900 1110 952 λύσιν
1142 909 1252 952 τῶν
1284 899 1635 968 ἀδικημάτων
1668 900 1761 952 διὰ

66 995 162 1055 τῆς
201 987 515 1051 ἀποδόσεως
553 987 818 1057 γενέσθαι
859 991 1049 1057 γνοίης
1088 988 1158 1041 ἂν
1205 989 1320 1043 ὡδί.
1367 996 1476 1042 νῦν
1514 987 1766 1041 ἐπάνεισί

66 1097 159 1144 μοι
199 1079 441 1145 Βρισηίς.
495 1081 685 1140 καλῶς.
737 1080 918 1130 πόθεν
965 1073 1070 1130 οὖν
1117 1077 1387 1142 ἐπάνεισις
1440 1076 1567 1147 παρ’
1611 1074 1759 1146 Ἀγα-

66 1165 350 1233 μέμνονος,
390 1165 539 1219 τοῦτ’
579 1163 682 1220 οὖν
714 1167 848 1219 αὐτὸ
882 1167 943 1219 τὸ
976 1165 1102 1235 παρ’
1133 1165 1529 1235 Ἀγαμέμνονος
1561 1164 1760 1235 ἐπανή-

64 1274 184 1307 κειν
236 1258 319 1317 τίς
372 1256 526 1308 λύσει
582 1257 819 1325 μηχανῆς
875 1254 976 1318 ἕως
1023 1254 1073 1308 δ’
1127 1254 1196 1307 ἂν
1243 1255 1349 1308 ἀπὸ
1398 1263 1495 1324 τῆς
1543 1255 1758 1309 ἐκείνου

66 1352 270 1412 σκηνῆς
309 1342 438 1414 ἐξίῃ,
477 1344 629 1413 μένει
667 1345 729 1396 τὸ
772 1349 988 1397 λυποῦν
1023 1344 1265 1397 ἀνίατον.
1322 1342 1489 1414 χωρὶς
1536 1344 1598 1396 δὲ
1636 1344 1758 1397 τού-

64 1452 194 1500 των,
233 1433 300 1486 οὐ
333 1435 394 1486 τὸ
436 1442 591 1502 σῶμα
630 1442 725 1502 τῆς
765 1433 1073 1502 ἀνθρώπου
1112 1432 1220 1486 τότ’
1271 1433 1534 1502 ἀφῃρεῖτο
1566 1435 1759 1500 μόνον,

66 1520 204 1574 ἀλλὰ
244 1521 335 1575 καὶ
375 1531 591 1591 προσῆν
629 1523 792 1590 ὕβρις
830 1530 946 1584 τοῖς
977 1521 1390 1590 πραττομένοις,
1429 1526 1641 1591 μᾶλλον
1681 1521 1758 1589 δέ,

65 1609 199 1663 ὅλον
237 1611 398 1680 ὕβρις
436 1607 505 1679 ἦν
537 1612 597 1664 τὸ
630 1619 867 1680 πρᾶγμα.
907 1611 940 1679 ἡ
972 1611 1073 1678 μὲν
1112 1607 1215 1664 οὖν
1256 1612 1554 1679 ἄνθρωπος
1592 1607 1759 1674 αὖθις

0 1727 2 1771 3
63 1695 215 1751 ἔσται
252 1698 379 1769 παρ’
419 1699 568 1769 ἡμῖν,
606 1701 668 1753 τὸ
700 1700 762 1752 δὲ
792 1700 865 1768 μὴ
904 1704 1338 1772 πεπαρωνῆσθαι
1369 1702 1549 1752 πόθεν
1588 1714 1758 1769 προσ-

183 1894 208 1931 2
240 1897 332 1933 τῶν
372 1904 448 1934 om
487 1891 547 1934 Vi
687 1894 712 1932 3
754 1891 897 1934 αὑτοῦ
938 1890 1102 1962 scripsi
1135 1903 1159 1933 e
1192 1891 1327 1934 Laur
1402 1890 1548 1934 αὐτοῦ
1586 1889 1756 1946 reliqui

62 1947 173 1991 libri
205 1949 296 1992 edd
345 1951 352 2005 Ι
401 1946 573 2008 χρόνον
609 1950 708 1994 Can
851 1955 878 1993 4
916 1949 968 1994 τὸ
1001 1952 1052 1994 δε
1089 1949 1255 2005 scripsi
1287 1963 1344 1992 ex
1376 1950 1620 1994 HVLaVi
1652 1963 1756 1993 cum

62 2006 273 2051 Iacobsio
305 2008 418 2053 Lect
449 2014 504 2052 93
534 2008 601 2065 (τὸ
627 2006 695 2064 δ’)
756 2006 808 2052 τό
841 2005 889 2052 δ’
915 2008 1085 2064 reliqui
1109 2009 1219 2052 libri
1251 2008 1343 2052 edd
1465 2014 1491 2052 5
1524 2016 1757 2068 νουνεχῶς

62 2066 165 2111 Mor
285 2073 310 2111 6
342 2067 482 2112 τοῦθ’
520 2069 690 2121 MaB¹
719 2067 950 2124 ἐλύπησας
978 2068 1054 2112 La
1085 2069 1166 2111 sed
1200 2086 1256 2119 ας
1286 2068 1336 2110 in
1366 2081 1442 2111 ras
1473 2083 1517 2125 y,
1552 2070 1643 2112 Ma
1674 2069 1755 2112 sed

62 2140 178 2182 ησας
209 2139 265 2170 ex
296 2144 362 2177 εις
392 2142 494 2172 corr
524 2126 594 2170 m²
669 2096 826 2171 ἐλύπει
861 2128 960 2172 Can
1036 2127 1230 2184 ἐλύπησε
1260 2127 1364 2171 Mor
1398 2127 1480 2171 sed
1513 2145 1567 2183 γρ
1600 2127 1755 2172 ἐλύπει

62 2184 112 2228 in
143 2200 275 2243 marg
317 2191 322 2239 Ι
366 2184 413 2230 δ’
451 2187 724 2230 MaBLaur
847 2191 871 2229 ⁷
903 2185 1078 2244 χαρίζει
1112 2187 1209 2231 Can
1270 2183 1504 2244 χαρίζεται
1534 2186 1637 2229 Mor

63 2248 90 2287 9
123 2246 400 2296 ἀποδωσεως
432 2247 507 2290 La
568 2246 873 2319 ἀπογνώσεως
906 2247 964 2290 Vi
989 2248 995 2301 Ι
1024 2242 1146 2291 εἶναι
1177 2247 1234 2291 H
1240 2247 1448 2290 VLaMa
1480 2245 1562 2290 sed
1592 2245 1642 2288 in
1666 2245 1754 2290 hoe

61 2321 117 2360 γρ
133 2303 370 2379 γενέσθαι
400 2305 450 2348 in
480 2319 616 2382 marg
639 2305 709 2348 m²
736 2306 741 2362 Ι
770 2302 817 2348 δ’
846 2302 1005 2349 ante
981 2322 1041 2348 αν
1057 2306 1193 2349 Laur
1218 2307 1225 2361 Ι
1253 2303 1339 2348 ὡδί
1360 2304 1547 2361 reposui
1572 2318 1596 2348 e
1621 2304 1753 2349 libris

122 2359 212 2407 ὦδε
245 2364 335 2407 edd
459 2369 512 2408 10
545 2381 630 2409 ουν
665 2378 740 2407 om
772 2364 1042 2409 HVLaMa
1104 2362 1149 2409 δ’
1194 2364 1252 2407 Vi
1279 2368 1285 2420 Ι
1312 2363 1442 2419 παρὰ
1475 2365 1564 2409 Ma
1591 2366 1597 2419 Ι
1627 2361 1753 2421 Ἀγα-

62 2419 308 2477 μέμνονοςς
342 2423 433 2466 edd
555 2430 606 2468 11
641 2431 777 2468 τοῦτο
812 2424 1140 2468 MaLaurCan
1170 2423 1272 2466 Mor
1306 2423 1312 2481 Ι
1346 2430 1460 2479 γοῦν
1492 2425 1627 2467 Laur
1661 2425 1667 2480 Ι
1701 2425 1752 2468 τὸ

61 2480 236 2524 inserui
261 2495 286 2525 e
310 2483 367 2526 Η
374 2483 487 2527 VLa
498 2483 887 2528 ViMaLaurCan
947 2497 1021 2526 om
1046 2484 1092 2526 Β
1124 2482 1216 2526 edd
1339 2486 1393 2525 12
1426 2499 1504 2538 μοι
1536 2484 1646 2527 ante
1668 2500 1753 2564 μηῖς

61 2540 181 2597 χανή
199 2542 257 2584 H
274 2541 365 2584 edd
397 2542 481 2585 et
467 2556 592 2586 mser
617 2541 728 2585 Μιι8
850 2547 903 2585 13
937 2549 1106 2599 σκηνῆς
1134 2543 1221 2586 Μα
1245 2540 1327 2585 sed
1358 2555 1473 2598 σκην
1503 2541 1553 2584 in
1585 2555 1659 2586 ras
1683 2543 1753 2585 m*

26 2639 29 2645 .
67 2599 73 2656 1
124 2598 199 2657 ἐξῇ
234 2600 367 2644 Lam·
428 2600 570 2663 ἐξήει
605 2601 703 2646 Can
794 2600 931 2654 ἔξεισι
965 2602 1054 2646 Μα
1102 2601 1119 2674 Ι
1158 2600 1386 2668 παράπαν
1428 2600 1530 2645 Mor
1572 2601 1653 2645 sed.
1696 2619 1750 2658 γρ

61 2659 240 2702 λυποῦν
278 2659 327 2702 in
358 2673 492 2716 marg
637 2665 691 2704 14
728 2659 837 2703 οὐδὲ
870 2661 915 2704 Β
965 2662 973 2715 Ι
1021 2657 1119 2704 τότ’
1162 2659 1327 2715 scripsi
1367 2672 1392 2702 e
1434 2660 1549 2704 VLa
1561 2661 1753 2704 ViLaur

63 2717 111 2759 et
141 2717 266 2761 inser
300 2718 410 2763 Ma²
476 2717 579 2764 τότε
610 2720 655 2763 Β
688 2719 780 2762 edd
839 2716 966 2762 τοῦτ’
1004 2720 1062 2763 Η
1127 2733 1202 2762 om
1236 2719 1336 2764 Can
1385 2718 1392 2776 Ι
1441 2718 1653 2791 ἀφήρητο
1695 2719 1753 2761 Vi

64 2776 201 2819 MaB
347 2783 400 2821 15
441 2779 520 2821 καὶ
551 2791 627 2822 om
661 2777 760 2822 Can
809 2780 815 2834 Ι
864 2775 913 2821 δ’
950 2778 1048 2823 ΗΒ
1194 2782 1247 2821 16
1286 2778 1337 2822 τὸ
1370 2779 1479 2822 ante
1512 2775 1618 2822 ὅλον
1653 2778 1751 2822 Can

64 2832 73 2892 Ι
123 2833 255 2893 υβρις
297 2830 353 2891 ἧν
395 2837 446 2881 τὸ
490 2844 680 2894 πρᾶγμα
725 2834 831 2881 ὅλον
871 2837 929 2881 Vi
1071 2842 1123 2880 17
1171 2839 1554 2897 πεπαρῳνεῖσθαι
1594 2838 1668 2881 La

60 2898 386 2960 παρῳνεῖσθαι
429 2897 485 2941 Vi
566 2893 954 2952 πεπαρωνηκέναι
1002 2896 1102 2940 Can
1148 2896 1226 2939 sed
1275 2913 1331 2952 γρ
1376 2899 1749 2953 πεπαρωνῆσθαι

62 2950 113 2994 in
146 2967 279 3010 marg

152 3035 347 3068 Lnumus
371 3037 429 3068 ed.
453 3037 689 3069 Fosi-ster.
714 3037 759 3068 V.
1337 3033 1392 3071 ‘22

1810 655 1829 686 5

1785 1100 1828 1131 10

1784 1544 1824 1576 1⁵
