2054 3192
251 127 317 180 18
737 126 965 171 LIBANII
996 125 1387 172 DECLAMATIO
1420 128 1441 170 I

247 263 409 317 ὁπότε
450 263 748 333 Σωκράτης
785 265 916 325 τοὺς
955 261 1219 326 ἀλαζόνας
1267 262 1503 332 ἐλέγχοι,
1551 265 1664 332 καί,
1716 266 1783 333 νὴ
1825 268 1940 318 Δία

156 357 319 401 R1114
367 371 444 419 γε,
484 351 575 404 καὶ
620 353 760 421 πρὸς
797 351 998 421 ἀρετὴν
1037 352 1128 404 διὰ
1166 359 1368 405 τοῦτον
1404 353 1409 422 Ι
1446 352 1839 416 ἐπιδεδωκότας
1871 354 1940 407 οὐ

244 442 456 510 μικρόν.
521 440 568 492 8.
609 437 818 509 ἔπειτα,
859 442 910 492 εί
944 440 1035 493 καὶ
1074 441 1140 492 τὰ
1179 441 1413 507 μάλιστα
1452 442 1732 511 δυσχερῶς
1771 441 1939 511 εἴχετε

244 530 380 598 πρὸς
427 529 598 581 αὐτὸν
645 529 879 591 ἅπαντες
933 527 1024 581 καὶ
1071 530 1258 591 κοινὸς
1308 526 1379 597 ἧν
1424 537 1524 582 τοῦ
1580 531 1938 599 δικαστηρίου

200 639 220 671 5
243 616 521 685 πολέμιος,
554 617 655 670 οὐκ
686 617 757 669 ἂν
788 613 858 684 ἧν
892 616 1136 670 ἐνταῦθα
1168 625 1232 687 τῇ
1267 619 1565 688 δυσμενείᾳ
1589 620 1939 689 χαρίσασθαι.

245 707 336 759 καὶ
382 705 513 776 γάρ,
567 703 609 759 ὦ
658 707 882 775 ἄνδρες,
936 707 996 759 τὸ
1046 708 1251 776 χωρίον
1297 707 1399 759 οὐκ
1452 704 1656 776 ἔχθρας
1709 706 1858 760 ἐστὶν
1904 707 1937 776 ἢ

245 795 465 865 χάριτος
512 795 645 847 οὐδὲ
694 793 1034 864 συνέρχεσθε
1075 794 1319 848 ἐνταῦθα
1357 796 1456 848 τὸν
1496 794 1727 865 ἑτέρωθι
1768 798 1940 864 λυπή-

246 898 417 936 σαντα
471 883 846 952 ἀμυνούμενοι
894 884 926 952 ἢ
980 884 1128 955 <τῷ>
1181 887 1452 954 πρότερον
1513 882 1574 938 εὗ
1621 887 1938 953 πεποιηκότι

244 973 407 1041 χάριν
446 971 848 1039 ἀποδώσοντες,
890 968 999 1025 ἀλλ’
1045 972 1150 1025 ἀπὸ
1190 982 1302 1025 τῶν
1340 973 1690 1041 πραγμάτων,
1731 971 1811 1041 ἐφ’
1857 966 1940 1036 οἷς

178 1062 277 1130 1οὴ
317 1064 513 1131 κρίσις,
553 1061 586 1130 ἢ
627 1062 899 1124 σώσοντες
937 1060 970 1129 ἢ
1005 1062 1348 1123 κολάσοντες.
1410 1061 1458 1114 9.
1497 1069 1669 1114 ταῦτα
1700 1063 1803 1131 γὰρ
1845 1063 1939 1129 δή-

244 1168 352 1204 που
391 1150 481 1202 καὶ
523 1149 551 1202 ὁ
592 1151 794 1202 Σόλων
834 1150 995 1212 εἰδὼς
1033 1148 1124 1202 καὶ
1163 1151 1401 1218 νομίζων
1444 1159 1555 1203 τῶν
1602 1149 1938 1218 ἀγωνιουμέ-

244 1259 360 1291 νων
398 1241 529 1301 τοὺς
568 1235 670 1307 μὲν
709 1237 769 1291 ἐν
810 1240 994 1307 φίλοις
1032 1247 1148 1301 τοῖς
1189 1239 1472 1303 δικάζουσι
1513 1240 1714 1292 δώσειν
1752 1240 1938 1308 λόγον,

244 1330 374 1389 τοὺς
414 1327 475 1379 δὲ
515 1326 573 1379 ἐν
613 1330 860 1395 χαλεπῶς
906 1324 1156 1396 ἔχουσιν,
1204 1327 1296 1379 ἵνα
1343 1327 1728 1397 μηδετέρωθεν
1777 1347 1937 1380 κατα-

245 1417 539 1484 βλάπτοιτο
579 1415 641 1468 τὸ
684 1416 926 1483 δίκαιον,
976 1416 1144 1486 ὅρκον
1191 1415 1376 1480 ἔταξεν
1424 1416 1524 1468 οὐκ
1564 1414 1739 1469 ἐῶντα
1778 1416 1940 1485 χάριν

179 1525 221 1558 15
246 1505 279 1573 ἢ
319 1503 652 1573 δυσμένειαν
689 1505 723 1572 ἤ
770 1524 894 1557 τινα
944 1506 1230 1574 πρόφασιν
1269 1506 1442 1573 ἄλλην
1482 1505 1676 1557 ἄδικον
1715 1504 1937 1573 ἐνοχλῆ-

246 1584 338 1645 σαι
376 1601 440 1662 τῇ
479 1595 670 1662 κρίσει.
710 1590 801 1644 καὶ
841 1600 949 1646 νῦν
987 1603 1138 1662 μισεῖ
1164 1613 1247 1656 τις
1280 1594 1602 1664 Σωκράτην,
1642 1591 1751 1646 ἀλλ’
1797 1592 1937 1660 ὀμώ-

245 1701 413 1750 μοκεν
444 1682 637 1749 ἥκιστα
674 1680 972 1750 ἐμπλήσειν
1004 1684 1102 1739 τὸν
1134 1681 1306 1735 αὑτοῦ
1331 1684 1536 1750 θυμόν,
1577 1680 1686 1734 ἀλλ’
1726 1682 1784 1735 οἱ
1810 1680 1937 1735 θεοὶ

245 1772 382 1839 πρὸς
419 1750 519 1838 τήν
557 1778 750 1838 ψῆφον
790 1769 1111 1839 βλέπουσιν,
1152 1771 1222 1839 ἣν
1262 1770 1291 1823 ὁ
1330 1770 1566 1837 θέμενος
1609 1769 1675 1822 οὐ
1717 1770 1940 1822 δικαίαν

366 1920 390 1958 6
431 1930 498 1970 sq.
538 1915 656 1959 Plat.
697 1915 818 1971 apol.
859 1931 903 1971 p.
931 1915 1038 1960 350
1177 1921 1231 1959 14
1269 1915 1399 1959 Dem.
1435 1915 1550 1959 Tim.
1594 1930 1639 1971 p.
1670 1919 1937 1971 746‚19sq;

245 1974 412 2018 Eubul.
445 1990 489 2031 p.
519 1971 648 2029 1318,
665 1979 720 2017 25
755 1975 812 2019 cf.
845 1974 906 2018 M.
940 1974 1170 2018 Fraenkel
1200 1974 1356 2019 Herm.
1382 1974 1488 2018 XIII
1518 1978 1603 2017 452
1623 1989 1690 2030 sq.

366 2112 390 2150 2
425 2110 672 2152 διατοῦτον
704 2109 749 2151 Β
810 2114 977 2152 τοῦτον
1007 2108 1194 2164 reposui
1227 2121 1251 2151 e
1283 2107 1437 2163 libris,
1477 2109 1532 2150 ut
1563 2106 1668 2151 coni
1699 2107 1789 2161 Re,
1831 2121 1936 2150 cum

245 2168 349 2223 Rog
408 2167 517 2217 τοὺς
547 2167 649 2210 Mor
663 2167 732 2210 Re
793 2166 913 2211 τοῦτ’
950 2167 1153 2210 Sinbenis
1231 2164 1290 2210 δι’
1326 2167 1470 2210 αὑτοῦ
1505 2165 1669 2210 Iacobs
1708 2166 1803 2210 Not
1835 2171 1859 2209 6

247 2231 273 2270 3
307 2226 464 2270 ἔπειτα
495 2225 661 2281 scripsi
686 2240 710 2269 e
735 2227 779 2269 B
842 2224 934 2270 ἐκεί
967 2227 1062 2270 Ath
1122 2226 1223 2270 ἐπεὶ
1252 2225 1422 2280 reliqui
1452 2225 1562 2269 libri
1601 2225 1692 2268 edd
1732 2225 1814 2268 sed
1855 2221 1932 2268 εἶτ’

248 2285 351 2329 coni
383 2285 451 2328 Re
479 2287 484 2341 1
514 2285 554 2328 εἰ
584 2284 760 2329 inserui
793 2298 816 2328 e
848 2285 982 2329 libris
1023 2287 1212 2328 auctore
1243 2286 1312 2328 Re
1345 2299 1449 2328 cum
1479 2284 1582 2341 Rog
1644 2298 1719 2328 om
1750 2284 1852 2328 Mor
1867 2283 1936 2327 Re

251 2345 256 2403 Ι
290 2342 543 2399 ταμάλιστα
585 2345 699 2388 VaB
728 2346 733 2399 Ι
763 2343 904 2402 εἴχετε
936 2343 1101 2400 scripsi
1133 2358 1157 2388 e
1191 2346 1280 2388 Ma
1311 2343 1578 2387 auctoribus
1609 2343 1677 2386 Re
1709 2345 1756 2386 et
1781 2342 1937 2386 Gasda

247 2417 351 2447 cum
368 2403 471 2460 Rog
535 2402 655 2459 ἔχετε
671 2402 840 2458 reliqui
863 2402 974 2447 libri
991 2403 1169 2447 MorRe
1292 2407 1317 2446 5
1349 2401 1546 2460 πόλεμος
1570 2404 1663 2446 Ath
1689 2404 1697 2457 Ι
1724 2403 1935 2446 ἐνταῦθα

246 2462 424 2505 inserui
457 2474 481 2504 e
513 2461 645 2504 libris
678 2476 783 2505 cum
807 2462 911 2519 Rog
972 2477 1047 2506 om
1079 2462 1182 2506 Mor
1197 2462 1265 2506 Re
1388 2467 1412 2505 6
1445 2462 1526 2505 καὶ
1558 2476 1633 2505 om
1657 2462 1751 2504 Ath
1778 2463 1783 2517 Ι
1813 2460 1934 2504 ἐστὶν

247 2535 323 2565 om
355 2522 449 2565 Ath
570 2525 595 2562 8
629 2521 945 2576 ἀμυνούμενοι
979 2523 1067 2565 Μα
1099 2521 1180 2564 sed
1214 2538 1268 2564 ov
1295 2534 1350 2563 ex
1375 2537 1398 2564 ο
1425 2535 1526 2564 corr
1547 2519 1617 2563 m²
1644 2522 1650 2576 Ι
1677 2524 1739 2578 τῷ
1761 2519 1935 2562 inserui

247 2582 434 2624 auctore
467 2578 623 2622 Gasda
692 2594 766 2623 om
798 2580 908 2623 libri
940 2581 1030 2623 edd
1169 2585 1220 2623 11
1264 2579 1287 2623 ὁ
1319 2580 1494 2623 inserui
1526 2593 1582 2622 ex
1608 2580 1701 2623 Ath
1714 2579 1797 2623 UB
1860 2592 1934 2622 om

245 2639 417 2694 reliqui
458 2637 568 2680 libri
613 2638 703 2681 edd
767 2643 820 2681 12
864 2637 1001 2695 λόγον
1045 2639 1210 2683 δώσειν
1235 2640 1329 2683 Ath
1473 2643 1527 2682 13
1560 2635 1669 2694 μηδ’
1706 2635 1936 2691 ἑτέρωθεν

247 2699 341 2742 Ath
353 2699 420 2741 Va
481 2696 540 2754 μὴ
567 2694 612 2739 δ’
642 2695 870 2751 ἑτέρωθεν
898 2699 981 2743 ΠΒ
1075 2702 1128 2741 15
1158 2696 1419 2755 ἐνοχλήσειν
1445 2697 1609 2741 UVaB
1731 2700 1784 2738 16
1818 2694 1934 2752 ὁμώ-

248 2758 449 2813 μοκενΒ
574 2761 627 2798 17
662 2754 827 2811 ἥδιστα
860 2758 954 2801 Ath
986 2756 1041 2800 cf.
1077 2756 1244 2800 Suidas
1276 2771 1309 2799 s.
1343 2771 1383 2799 v.
1436 2758 1441 2809 1
1493 2753 1737 2810 ἐμπλήσειν
1769 2754 1934 2810 scripsi

249 2828 274 2858 e
306 2816 351 2858 B
377 2816 563 2858 auctore
587 2814 773 2858 Nabero
806 2829 911 2858 cum
942 2815 1045 2872 Rog
1106 2816 1332 2871 ἐμπλῆσαι
1359 2814 1529 2869 reliqui
1559 2813 1671 2856 libri
1701 2813 1802 2857 Mor
1821 2813 1888 2855 Re
1924 2813 1929 2871 Ι

248 2874 392 2917 αὑτοῦ
433 2873 598 2929 scripsi
642 2887 696 2916 ex
735 2874 779 2917 U
784 2874 900 2917 VaB
944 2888 1048 2917 cum
1085 2873 1294 2917 Iacobsio
1334 2873 1428 2916 Not
1460 2878 1484 2916 6
1526 2874 1573 2916 et
1610 2873 1713 2928 Rog
1789 2873 1936 2915 αὐτοῦ

247 2933 415 2988 reliqui
445 2932 556 2975 libri
587 2932 688 2976 Mor
702 2932 770 2975 Re
