2026 3192
1035 420 1125 475 VI.

343 542 574 592 Orestis
607 544 901 593 declamatio
935 561 1033 608 qua
1070 545 1156 593 ille
1188 545 1458 594 matricidii
1499 549 1758 595 accusatus
1791 547 1925 609 apud

229 618 439 679 iudices,
476 611 621 685 (non,
653 621 710 666 ut
742 619 875 681 apud
915 619 1295 668 Demosthenem
1338 621 1571 669 Aristocr.
1606 618 1637 682 ξ
1669 621 1735 668 66
1771 623 1821 668 et
1855 622 1923 669 74

229 710 277 754 p.
298 693 419 753 641,
438 694 504 739 27
533 694 582 740 et
609 693 730 754 644,
750 694 833 754 24,
866 696 1018 755 atque
1047 694 1318 742 Aristidem
1349 694 1557 742 Panath.
1583 697 1618 743 t.
1635 695 1661 742 I
1684 711 1730 757 p.
1753 696 1872 756 172,
1892 696 1920 743 6

231 766 379 815 Dind.
405 782 515 814 cum
539 767 707 828 schol,
732 767 847 815 deos
859 761 925 834 1))
959 783 1155 816 causam
1190 783 1331 816 suam
1363 769 1482 832 agit,
1514 771 1609 817 etsi
1638 784 1737 817 non
1769 785 1923 831 aeque

231 844 383 903 atque
409 841 752 890 antecedentes
770 842 999 890 omnibus
1023 844 1075 889 in
1101 842 1289 891 deliciis
1306 843 1479 891 habita
1498 843 1775 905 scholisque
1794 845 1922 892 trac-

229 918 338 963 tata
363 918 450 976 est,
466 918 632 963 tamen
659 918 862 978 propter
880 909 1007 980 ἦθος
1023 917 1209 965 multos
1227 917 1410 965 allexit.
1444 917 1620 979 Itaque
1637 933 1736 965 non
1761 918 1922 966 solum

229 991 282 1038 in
316 985 556 1051 ‘corpore’
588 991 774 1038 mansit
804 991 889 1039 sed
921 991 1072 1038 etiam
1103 993 1156 1039 in
1189 992 1465 1053 complures
1497 992 1692 1055 eclogas
1724 994 1924 1054 recepta

227 1079 506 1127 magnoque
538 1081 743 1113 numero
777 1064 1000 1113 codicum
1039 1065 1102 1113 ad
1141 1069 1364 1114 nostram
1396 1068 1610 1114 aetatem
1643 1068 1923 1130 propagata

229 1141 314 1186 est.
374 1138 468 1195 Qui
492 1138 638 1186 hodie
664 1142 930 1201 supersunt
955 1141 1022 1187 49
1051 1140 1240 1188 codices
1264 1142 1338 1188 ita
1363 1140 1661 1188 enumerabo
1686 1143 1744 1188 ut
1767 1155 1923 1202 quan-

227 1215 335 1260 tum
365 1213 484 1260 licet
516 1213 738 1261 ordinem
762 1216 956 1261 teneam
981 1230 1127 1276 quem
1154 1230 1305 1276 supra
1329 1232 1376 1277 p.
1406 1215 1510 1263 150
1529 1230 1599 1277 sq.
1631 1216 1684 1262 in
1708 1214 1924 1262 Menelai

232 1289 282 1334 et
313 1287 473 1335 Ulixis
506 1287 946 1336 declamationibus
979 1291 1174 1337 secutus
1203 1304 1324 1337 sum.
1389 1288 1517 1337 Sunt
1547 1291 1738 1336 autem:

348 1365 391 1409 1.
447 1361 1040 1424 Hierosolymitanus
1094 1362 1423 1411 bibliothecae
1477 1363 1826 1424 patriarchalis
1875 1362 1921 1411 S.

232 1435 510 1497 Sepulcri
531 1438 632 1485 107
654 1431 748 1503 (--
767 1431 838 1503 H)
857 1452 980 1485 saec.
999 1437 1118 1485 XIV
1133 1437 1218 1485 fol.
1240 1438 1323 1485 30.
1357 1437 1482 1485 Vide
1500 1453 1650 1499 supra
1665 1454 1712 1499 p.
1735 1438 1922 1500 150sq.

232 1509 447 1559 Contuli.

343 1586 389 1632 2.
430 1583 753 1633 Vaticanus
793 1601 863 1648 gr.
893 1587 999 1634 940
1033 1583 1127 1651 (=
1153 1580 1223 1652 V)
1262 1601 1387 1635 saec.
1412 1580 1684 1651 XLHJXIV
1722 1586 1806 1634 fol.
1836 1587 1919 1635 20.

230 1658 357 1707 Vide
390 1674 541 1720 supra
572 1676 618 1721 p.
649 1659 751 1706 152
771 1674 841 1721 sq.
906 1658 1119 1708 Contuli.
1338 1650 1341 1653 ⁵

343 1735 389 1781 3.
422 1733 747 1781 Vaticanus
779 1750 850 1795 gr.
879 1736 946 1782 82
974 1727 1069 1801 (=
1096 1730 1196 1800 Va)
1231 1750 1353 1783 saec.
1379 1734 1498 1782 XIV
1528 1735 1612 1783 fol.
1642 1735 1760 1783 135.
1794 1734 1918 1781 Vide

228 1809 264 1856 t.
290 1807 315 1854 I
346 1824 392 1870 p.
419 1808 487 1855 48
507 1822 576 1869 sq.
641 1806 855 1856 Contuli.

341 1883 387 1929 4.
420 1881 783 1929 Barberinus
817 1882 963 1930 11——41
1003 1875 1099 1948 (=
1124 1875 1189 1949 Β)
1223 1897 1347 1947 saec.
1373 1882 1464 1929 XV
1495 1883 1580 1930 fol.
1609 1883 1728 1931 304.
1792 1882 1919 1947 Vide

227 1958 263 2003 t.
287 1955 312 2002 I
342 1972 390 2017 p.
418 1957 486 2004 30
505 1970 574 2018 sq.
639 1954 864 2004 Contulit
893 1957 1018 2004 mihi
1049 1956 1166 2004 Pius
1200 1956 1412 2004 Franchi
1444 1956 1503 2004 de
1538 1956 1821 2004 Cavaleriis.

343 2032 388 2078 5.
435 2028 879 2078 Laurentianus
922 2029 1062 2078 LVII
1106 2032 1176 2078 44
1211 2025 1305 2096 (=
1331 2024 1427 2096 La)
1475 2045 1597 2079 saec.
1631 2031 1676 2078 X
1721 2030 1806 2080 fol.
1834 2030 1917 2078 50.

227 2104 355 2152 Vide
377 2107 412 2152 t.
431 2103 457 2151 I
478 2120 525 2166 p.
547 2105 651 2151 224
671 2119 740 2166 sq.
783 2104 977 2152 Folium
996 2105 1063 2152 53
1092 2099 1161 2170 (p.
1190 2105 1313 2168 385,
1333 2105 1362 2152 6
1390 2101 1601 2164 ἀπόντος
1617 2131 1689 2137 -
1708 2106 1828 2166 389,
1850 2106 1917 2152 14

228 2171 483 2243 εὐεργετεῖ)
508 2194 661 2226 manu
685 2178 868 2227 saeculi
891 2178 1010 2227 XVI
1033 2179 1316 2242 suppletum
1341 2181 1429 2227 est.
1479 2177 1693 2227 Contuli.

343 2254 389 2300 6.
437 2251 881 2301 Laurentianus
928 2253 1069 2301 LVII
1118 2255 1182 2301 21
1233 2268 1356 2301 saec.
1398 2247 1639 2317 XJVJXV
1685 2253 1769 2302 fol.
1809 2254 1916 2301 81‘2

228 2325 356 2374 Vide
388 2342 538 2389 supra
568 2343 615 2389 p.
644 2328 747 2376 158
766 2342 839 2389 sq.

344 2403 389 2448 7.
437 2400 750 2448 Parisinus
793 2418 864 2465 gr.
899 2402 1038 2450 3019
1089 2415 1213 2449 saec.
1245 2395 1486 2465 XIVsXV
1531 2401 1615 2450 fol.
1645 2402 1727 2448 57.
1789 2399 1916 2448 Vide

351 2587 394 2642 1)
427 2585 493 2629 Cf.
526 2600 571 2641 p.
599 2590 826 2642 373,4sq.
881 2586 1045 2641 Neque
1080 2600 1201 2641 vero,
1233 2588 1286 2629 ut
1316 2586 1366 2629 in
1400 2586 1616 2642 Aeschyli
1650 2585 1916 2629 Eumenidi-

233 2644 330 2697 bus,
356 2645 670 2702 Areopagitae
701 2646 789 2699 vel,
822 2646 874 2688 ut
905 2645 954 2688 in
988 2644 1224 2701 Euripidis
1250 2645 1409 2689 Oreste
1434 2649 1505 2694 (48
1523 2648 1623 2701 sq.)‚
1655 2645 1814 2701 Argivi
1845 2645 1916 2688 iu-

231 2703 357 2747 dices
389 2703 656 2747 indicantur
686 2718 856 2759 neque,
896 2706 950 2747 ut
979 2705 1028 2747 in
1060 2705 1149 2747 hac
1179 2704 1341 2747 fabula
1373 2707 1475 2759 (456
1493 2706 1598 2760 sq.),
1644 2704 1914 2760 Tyndareus

232 2762 310 2806 sed
346 2762 465 2806 alius
497 2763 731 2818 quispiam
764 2763 839 2820 (cf.
872 2778 902 2819 p
944 2767 1044 2813 397
1064 2768 1173 2830 7sq.
1207 2767 1306 2816 401,
1328 2767 1403 2815 133
1436 2767 1536 2815 402,
1555 2766 1598 2818 8)
1632 2763 1914 2807 accusatoris

230 2822 387 2890 partes
413 2821 525 2889 agit.
573 2822 732 2866 Nihilo
756 2822 908 2866 minus
933 2836 1036 2866 cum
1060 2822 1262 2878 priorem
1285 2824 1387 2865 tum
1412 2821 1604 2866 alteram
1623 2822 1914 2879 tragoediam

231 2879 560 2985 pri-primisque1
596 2882 665 2983 inb
683 2882 772 2984 ha<lz
813 2880 988 2925 Orestis
1028 2882 1286 2983 orptionem
1327 2882 1369 2937 (ὸ
1374 2885 1430 2924 54
1448 2883 1532 2936 sq.)
1573 2880 1770 2925 Libanio
1808 2881 1914 2925 usui

251 2953 345 2982 uis
351 2954 374 2982 e
406 2953 540 2999 comp
561 2955 633 2983 uri
667 2955 721 2987 us
773 2940 868 2987 ocis
899 2954 1074 2997 appare
