2026 3192
237 129 347 181 460
706 124 933 168 LIBANII
964 123 1357 170 DECLAMATIO
1389 126 1453 170 IX

239 266 435 333 ἄνδρες
461 264 727 330 δικασταί,
741 247 1074 328 βοηθήσατε,
1092 261 1267 332 τούτῳ
1284 262 1385 329 μὲν
1409 263 1469 314 τὸ
1495 263 1678 331 μηκέτ’
1702 263 1800 327 ἔξω
1818 275 1931 318 τῶν

236 348 506 424 πατρῴων
539 347 680 403 εἶναι
712 347 1059 418 παρέχοντες,
1085 347 1205 418 ἐμοὶ
1238 347 1299 401 δὲ
1331 351 1391 403 τὸ
1423 352 1600 424 τούτῳ
1633 363 1928 406 συνοικεῖν.

349 442 396 493 2.
446 439 730 508 Ἐνόμιζον
783 438 883 506 μὲν
936 433 1073 504 οὖν,
1137 435 1178 490 ὦ
1235 439 1433 508 ἄνδρες
1496 441 1768 510 δικασταί,
1829 450 1929 494 τοῦ

240 531 440 598 Μήδου
488 529 831 597 πεφευγότος
879 526 1048 578 αὐτόν
1098 546 1207 597 μοι,
1237 530 1622 594 προσελθόντα
1671 532 1929 596 Θεμιστο-

192 619 366 673 5κλέα
413 616 502 670 καὶ
551 618 652 685 τὴν
703 613 888 678 δεξιὰν
937 614 1242 682 ἐμβαλόντα
1296 617 1681 684 μεμνήσεσθαί
1722 637 1779 670 τε
1833 626 1929 686 τῆς

237 709 411 769 οἰκίας
464 707 555 758 καὶ
609 713 780 757 ταῦτα
836 703 1089 768 ἀξιώσειν
1137 706 1281 772 ἔχειν
1321 702 1407 773 ἐφ’
1456 704 1488 757 ἃ
1535 709 1776 758 καλεῖται
1822 715 1931 760 νῦν

191 807 194 817 ’
235 794 361 864 παρ’
408 796 587 863 ἡμῶν,
634 793 724 846 καὶ
771 794 875 861 γὰρ
924 794 972 845 εἰ
1019 794 1193 845 πολλὰ
1241 791 1330 846 καὶ
1377 795 1584 862 μεγάλα
1639 795 1787 866 αὐτῷ
1838 797 1929 848 καὶ

235 887 520 952 κρείττονα
567 882 787 944 ἐλπίδος
833 883 899 934 τὰ
946 881 1323 951 πεπραγμένα,
1371 881 1489 934 ἀλλ’
1543 880 1709 936 οὐδὲν
1760 884 1929 937 αὐτὸν

234 983 346 1026 τῶν
384 973 607 1025 πάντων
645 971 898 1040 ἡγούμην
937 969 1270 1038 ἀποστήσειν
1315 979 1411 1039 τῆς
1462 972 1600 1041 πρὸς
1638 974 1735 1026 τὸν
1774 970 1930 1026 οἷκον

172 1085 213 1117 10
238 1058 340 1115 τὸν
375 1067 633 1132 πατρῷον
666 1060 905 1122 εὐνοίας·
948 1058 1132 1127 ἐπειδὴ
1166 1057 1227 1112 δὲ
1259 1060 1431 1113 αὐτοῦ
1464 1082 1572 1127 μου
1605 1064 1932 1131 προσιόντος

234 1150 325 1204 καὶ
366 1150 633 1219 δεομένου
665 1158 777 1201 τῶν
811 1148 956 1217 ἐμῶν
989 1145 1131 1201 εἶναι
1165 1149 1440 1217 δεσπότην
1472 1151 1539 1202 οὐ
1571 1150 1929 1220 προσδέχεται

234 1243 363 1303 τοὺς
411 1242 637 1307 λόγους,
685 1236 803 1290 ἀλλ’
858 1237 1114 1308 ἀποπηδᾷ
1168 1236 1259 1290 καὶ
1307 1249 1644 1308 καταφρονεῖ
1690 1238 1780 1292 καὶ
1834 1241 1931 1302 τὰς

185 1343 188 1348 ’
235 1331 446 1398 δεήσεις
474 1328 731 1395 ἀτιμάζει,
763 1330 1045 1394 πεισθήτω
1078 1325 1204 1394 παρ’
1237 1326 1393 1393 ὑμῶν
1425 1324 1562 1391 εἶξαι
1595 1329 1685 1381 καὶ
1719 1344 1928 1397 συγχω-

149 1423 263 1466 RIV
282 1427 366 1466 375
415 1425 577 1487 ρῆσαι
616 1422 690 1489 τῷ
723 1417 887 1485 πατρὶ
927 1416 1016 1467 καὶ
1055 1416 1126 1484 μὴ
1169 1415 1506 1482 διαβαλλέτω
1546 1419 1648 1486 τὴν
1687 1416 1744 1470 ἐκ
1779 1421 1785 1479 1
1829 1424 1931 1469 τοῦ

168 1528 208 1560 15
235 1506 478 1575 πολέμου
518 1507 867 1575 λαμπρότητα
905 1506 969 1573 ’τῇ
1009 1504 1146 1573 πρὸς
1186 1502 1278 1572 ἐμὲ
1316 1507 1654 1574 χαλεπότητι.

345 1595 393 1647 3.
443 1599 517 1665 Τῇ
557 1595 659 1662 μὲν
700 1589 805 1646 οὖν
844 1591 976 1662 δόξῃ
1015 1593 1104 1644 καὶ
1144 1601 1208 1662 τῇ
1250 1594 1521 1661 δεινότητι
1562 1598 1731 1663 χαίρω
1769 1599 1928 1662 Θεμι-

235 1683 548 1750 στοκλέους,
596 1684 652 1736 τί
695 1684 799 1751 γὰρ
847 1681 917 1734 ἂν
963 1682 1124 1749 ἥδιον
1171 1681 1388 1748 γένοιτο
1436 1681 1600 1751 πατρὶ
1640 1691 1740 1735 τοῦ
1780 1688 1928 1751 τηλι-

233 1781 405 1825 καῦτα
451 1772 553 1838 μὲν
608 1771 757 1842 αὐτῷ
812 1772 1157 1838 δεδυνῆσθαι
1212 1771 1311 1822 τὸν
1364 1772 1516 1837 υἱόν,
1572 1770 1812 1824 ἐπαίνων
1867 1769 1927 1824 δὲ

233 1868 514 1929 πανταχοῦ
562 1869 657 1928 τῆς
704 1857 1031 1927 οἰκουμένης
1077 1859 1399 1927 τυγχάνειν,
1454 1860 1592 1913 αὐτὰ
1647 1858 1708 1913 δὲ
1758 1868 1928 1913 ταῦτα

167 1973 209 2004 20
235 1943 317 2012 οἷς
356 1950 728 2018 εὐφραίνομαι
769 1949 976 2017 μεγάλα
1015 1967 1107 2015 μοι
1140 1949 1276 2017 πρὸς
1306 1950 1408 2016 τὴν
1439 1957 1726 2018 παροῦσαν
1759 1965 1927 2002 σπου-

234 2040 338 2107 δὴν
378 2036 754 2104 ἐναντιώματα
801 2039 1068 2105 γίγνεται·
1111 2035 1232 2099 δέος
1280 2038 1383 2107 γάρ
1434 2038 1607 2104 ἐστιν,
1648 2035 1689 2090 ὦ
1731 2039 1929 2105 ἄνδρες

355 2176 376 2212 1
404 2167 562 2226 μηκέτι
583 2170 618 2213 C
739 2174 763 2211 2
789 2169 840 2212 τὸ
865 2182 941 2211 0111
960 2170 997 2213 (J
1116 2174 1140 2211 5
1167 2167 1424 2225 ἐμβαλόντα
1450 2168 1614 2224 scripsi
1636 2171 1824 2212 auctore
1842 2167 1926 2211 Co-

233 2230 342 2273 beto
375 2227 474 2272 Coll
499 2233 583 2271 ‘292
611 2227 701 2272 coll
733 2229 765 2270 t.
791 2227 834 2270 II
856 2242 901 2283 p.
922 2231 1022 2281 300,
1038 2233 1092 2270 15
1156 2225 1449 2285 συμβαλόντα
1474 2227 1582 2271 libri
1607 2227 1698 2270 edd
1725 2228 1730 2284 1
1759 2227 1926 2284 μεμνή·

234 2290 398 2331 σεσθαι
426 2288 591 2344 scripsi
615 2300 640 2331 e
656 2288 700 2331 L
726 2301 831 2330 cum
850 2285 1006 2330 Gasda
1030 2288 1078 2330 et
1102 2285 1274 2330 Cobeto
1336 2290 1600 2342 μεμνῆσθαι
1624 2286 1791 2342 reliqui
1814 2286 1924 2330 libri

233 2347 324 2390 edd
353 2349 358 2402 Ι
385 2363 432 2391 τε
471 2348 568 2405 τῆς]
593 2353 675 2402 τῆς
712 2361 760 2389 τε
786 2348 875 2390 Μα
917 2350 924 2401 Ι
966 2346 1075 2388 ante
1105 2351 1188 2401 τῆς
1210 2360 1285 2388 ras
1319 2351 1343 2389 2
1368 2345 1449 2389 litt
1480 2348 1526 2389 et
1556 2352 1639 2401 τῆς
1668 2346 1718 2388 in
1749 2359 1825 2388 ras
1858 2344 1926 2389 13²

354 2410 408 2449 10
426 2405 585 2461 ἐπειδὴ
604 2406 655 2451 δὲ
673 2407 716 2449 L
733 2405 814 2448 sed
833 2404 858 2460 ὴ
882 2405 932 2448 δὲ
958 2405 1007 2446 in
1030 2418 1106 2447 ras
1131 2404 1199 2446 m²
1227 2404 1233 2462 Ι
1261 2405 1384 2448 αὐτῶ
1405 2407 1493 2449 Ma
1615 2409 1667 2447 11
1694 2404 1924 2460 δεσπότην

236 2467 324 2509 Ma
348 2465 430 2508 sed
460 2482 488 2521 η
514 2465 562 2507 in
586 2478 662 2507 ras
687 2465 758 2507 111⁵
786 2470 791 2517 l
820 2465 875 2507 οὐ
899 2464 948 2506 in
971 2477 1047 2507 ras
1066 2463 1132 2507 L2
1254 2469 1306 2506 12
1334 2463 1654 2520 ἀποπέμπεται
1674 2464 1712 2508 C
1735 2464 1741 2521 Ι
1770 2464 1848 2506 καὶ
1859 2465 1922 2519 (2)

232 2524 408 2568 inserui
440 2538 464 2567 e
493 2524 665 2569 GMaB
728 2538 803 2567 om
835 2522 1005 2578 reliqui
1035 2522 1147 2566 libri
1179 2522 1269 2565 edd
1394 2528 1447 2567 13
1481 2523 1560 2566 καὶ
1585 2524 1693 2566 ante
1717 2521 1924 2578 ἀτιμάζει

234 2584 277 2626 L
309 2583 391 2627 sed
423 2582 499 2626 del
530 2582 612 2635 m²‚
646 2583 754 2626 Lau
786 2582 876 2624 edd
939 2581 1090 2625 delevi
1213 2585 1267 2624 14
1304 2581 1584 2640 διαβαλλέτω
1617 2583 1652 2624 Ι
1676 2581 1757 2624 sed
1789 2597 1923 2636 μετα-

234 2641 430 2699 βαλλέτω
464 2656 681 2697 suprascr
710 2641 822 2684 rubr
883 2639 1138 2699 διαβαλέτω
1174 2642 1262 2684 Μα
1324 2640 1572 2697 διαμελέτω
1607 2641 1645 2684 Ο
1783 2645 1836 2682 15
1868 2647 1922 2698 τῇ

233 2700 358 2744 inser
391 2702 501 2745 Ma⁵
624 2705 677 2743 16
710 2707 764 2757 τῇ
797 2700 922 2743 inser
955 2700 1066 2744 Ma⁵
1103 2702 1109 2755 Ι
1153 2698 1235 2755 μὲν
1267 2713 1342 2742 ο111
1377 2702 1465 2744 Ma
1504 2701 1510 2754 Ι
1552 2697 1664 2755 ὃόξη
1696 2701 1730 2742 Ι
1756 2700 1835 2743 sed
1868 2706 1922 2754 τῆ

235 2760 329 2804 ἀπὸ
352 2767 433 2804 τοῦ
458 2758 660 2815 πολέμου
685 2773 899 2815 suprascr
921 2758 990 2801 m²
1017 2761 1023 2815 Ι
1052 2756 1281 2813 δεινότητι
1301 2761 1337 2803 Ι
1353 2759 1435 2802 sed
1459 2758 1683 2813 φρονήσει
1709 2771 1923 2813 suprascr

233 2818 304 2860 m'
425 2824 477 2862 17
503 2826 586 2862 τοῦ
612 2832 688 2862 0111
715 2819 803 2862 Μα
925 2822 978 2861 18
1005 2818 1181 2860 αὐτοῦῖ
1306 2822 1359 2860 19
1393 2819 1501 2861 ante
1525 2824 1670 2860 ταῦτα
1694 2831 1767 2860 ras
1794 2821 1818 2858 3
1844 2815 1924 2859 litt

235 2878 278 2920 L
399 2882 454 2923 20
486 2876 660 2933 μεγάλα
685 2878 774 2921 Ma
806 2877 887 2919 sed
918 2877 967 2919 in
999 2874 1115 2932 μέγα
1148 2889 1249 2918 corr
1271 2876 1341 2919 m⁵
1461 2881 1514 2919 21
1549 2874 1808 2931 ἐναντίωμα
1835 2875 1923 2918 Μα

272 2934 478 2991 γίγνεται
505 2936 570 2979 01
594 2938 599 2992 Ι
628 2935 733 2986 δέος
753 2963 805 2968 -
821 2940 922 2990 461,
943 2941 963 2978 1
991 2933 1315 2991 παραχθέντες
1340 2935 1456 2978 estat
1480 2934 1745 2990 praemissis
1768 2933 1921 2977 verbis
