2054 3192
571 143 798 187 LIBANII
828 142 1130 187 APOLOGIA
1164 142 1449 188 SOCRATIS
1779 142 1848 195 37

273 280 358 333 42.
411 278 542 333 Ἀλλ’
596 279 664 332 ἐῶ
719 277 874 332 τουτὶ
923 276 1012 331 καὶ
1061 283 1253 347 θῶμεν
1301 276 1532 332 Ἄνυτον
1586 277 1695 331 ὑπὸ
1751 284 1851 330 τοῦ

162 373 373 439 μᾶλλον
413 367 620 436 ἑτέροις
658 369 939 436 πράγμασι
969 367 1262 437 προσέχειν
1302 368 1400 420 τὸν
1440 375 1579 420 νοῦν
1617 367 1853 420 κεκωλύ-

162 464 295 511 σθαι
335 464 506 510 ταῦτα
548 458 690 510 ἰδεῖν
727 458 793 510 τὰ
831 456 1234 526 πονηρεύματα.
1275 453 1391 509 ἔστι
1428 452 1530 522 μὲν
1570 457 1674 525 γὰρ
1723 452 1854 508 οὐδὲ

159 554 322 599 τοῦτο
374 545 552 615 ἄξιον,
607 542 648 598 ὦ
695 544 1003 613 Ἀθηναῖοι,
1058 546 1402 613 συγγνώμης.
1457 545 1528 614 μὴ
1569 545 1674 614 γὰρ
1715 541 1852 596 ἔστω

158 633 354 704 μηδενὶ
400 635 639 702 τοσαύτη
686 643 797 687 τῶν
844 635 1064 686 οἰκείων
1109 635 1369 701 πρόνοια,
1416 631 1481 686 δι’
1535 633 1605 701 ἣν
1653 631 1740 685 ἐπὶ
1789 633 1850 685 τὸ
1900 653 1920 686 5

160 731 337 792 σχῆμα
376 730 472 785 τῆς
511 725 788 784 πολιτείας
827 721 975 791 ὁρῶν
1017 723 1172 775 ἰόντα
1210 723 1481 775 κίνδυνον
1519 723 1854 792 περιόψεται.

159 811 303 880 ὅμως
340 810 391 864 δ’
436 807 542 865 οὖν
582 811 838 880 ἀφείσθω
871 818 966 878 τῆς
997 810 1262 879 μέμψεως,
1303 813 1353 864 εί
1381 819 1493 864 τῶν
1523 819 1730 864 κοινῶν
1762 808 1847 862 ὑπ’

162 899 419 968 ἀσχολίας
458 908 552 968 τῆς
591 899 695 953 ἀπὸ
736 910 847 953 τῶν
890 900 1050 953 ἰδίων
1089 899 1371 967 ἠμέλησεν.

269 1003 355 1056 43.
410 1001 566 1057 Ἀλλὰ
630 1002 720 1056 καὶ
786 1003 989 1056 τούτου
1053 1012 1323 1071 σιγῶντος
1384 1012 1499 1065 πῶς
1561 1002 1661 1072 οὐχ
1723 999 1855 1071 ἧκεν

158 1093 398 1145 ἄλλοθεν
439 1095 738 1161 κατηγορία
779 1090 868 1144 καὶ
904 1094 1107 1161 κρίσις;
1148 1091 1215 1144 οὐ
1248 1092 1447 1161 μεστὸν
1480 1088 1582 1161 μὲν
1613 1093 1673 1144 τὸ
1707 1093 1853 1161 βῆμα
1878 1113 1921 1146 ιο

156 1189 267 1233 τῶν
306 1182 582 1248 λεγόντων
614 1178 765 1233 ἐστὶν
806 1179 887 1233 ἐπ’
933 1180 1239 1249 ἐκκλησίας,
1277 1181 1457 1250 πλήρη
1498 1181 1558 1233 δὲ
1598 1181 1663 1233 τὰ
1703 1181 1854 1233 δικα-

159 1271 354 1338 στήρια
393 1278 506 1322 τῶν
545 1268 918 1338 γραφομένων
956 1278 1068 1322 τῶν
1107 1266 1208 1336 μὲν
1250 1267 1337 1322 ἐπὶ
1377 1278 1492 1331 τοῖς
1531 1271 1704 1331 ὄντως
1736 1269 1854 1321 ἀδι-

156 1361 375 1427 κήμασι,
413 1367 525 1410 τῶν
564 1354 625 1410 δὲ
666 1356 730 1410 δι’
777 1355 989 1427 ἔχθραν
1038 1356 1130 1410 καὶ
1178 1360 1583 1426 συκοφαντίαν,
1629 1355 1745 1410 ἔστι
1793 1354 1854 1410 δὲ

157 1442 236 1499 ὧν
284 1445 372 1499 ἐπὶ
419 1453 493 1519 τῷ
542 1447 768 1517 ταράξαι
823 1447 912 1499 καὶ
968 1450 1160 1515 λαβεῖν
1206 1447 1502 1517 ἅργύριον;
1558 1447 1625 1500 οὐ
1663 1445 1851 1514 μεστοὶ

159 1537 464 1605 γεγόναμεν
525 1545 636 1588 τῶν
696 1537 802 1606 πρὸ
866 1545 977 1589 τῶν
1029 1534 1372 1604 Ἐπωνύμων
1433 1535 1762 1605 ἐκκειμένων
1824 1534 1851 1588 ὁ
1879 1557 1920 1590 15

280 1746 332 1784 11
373 1741 516 1798 Thuc.
550 1741 654 1785 VIII
687 1745 740 1784 81
867 1747 920 1784 15
965 1741 1094 1785 Dem.
1126 1756 1171 1797 p.
1200 1745 1299 1796 705,
1320 1746 1394 1794 193
1431 1746 1529 1795 707,
1550 1746 1604 1784 13

279 1939 301 1976 1
347 1934 476 1978 τουτὶ
524 1933 689 1990 scripsi
737 1948 843 1977 cum
891 1933 1047 1977 Gasda
1126 1933 1284 1978 τουτοὶ
1325 1934 1590 1979 MaUVaB
1667 1934 1854 1978 τουτονὶ

156 1994 250 2037 Ath
287 1993 390 2037 Mor
405 1993 488 2037 Re,
539 2000 700 2050 ητοῦτο
739 2001 827 2037 νῦν
866 1993 934 2038 vel
971 1993 1125 2037 τουτὶ“
1163 1992 1367 2036 Sintenis
1443 2000 1577 2038 τοῦτο
1618 2000 1704 2038 νῦν
1744 2007 1851 2037 auc-

155 2054 255 2096 tore
299 2051 473 2096 Cobeto
513 2052 617 2108 Rog
753 2056 778 2094 2
814 2055 1109 2096 κεκωλῦσθαι
1151 2054 1238 2096 Μα
1282 2052 1385 2110 Rog
1427 2054 1476 2095 at
1520 2051 1576 2097 cf.
1618 2053 1677 2095 ad
1721 2055 1752 2096 t.
1787 2051 1852 2096 IV

156 2115 264 2164 431,
291 2116 315 2154 6
468 2116 493 2153 3
539 2111 648 2155 οὐδὲ
692 2118 829 2155 τοῦτο
877 2111 1041 2167 scripsi
1082 2125 1106 2154 e
1148 2113 1238 2156 Ma
1313 2111 1452 2156 οὐδὲν
1492 2112 1670 2156 τούτων
1708 2111 1858 2156 AthU

167 2146 282 2214 Val'3
329 2170 431 2214 Mor
459 2170 527 2213 Re
613 2169 723 2215 οὐδὲ
768 2168 887 2215 τοῦτ’
939 2173 1128 2215 auctore
1175 2171 1244 2214 Re
1275 2170 1380 2228 Rog
1541 2176 1568 2214 4
1614 2169 1851 2227 Αθηναῖοι

156 2229 320 2285 scripsi
364 2244 388 2273 e
423 2228 512 2274 Ma
556 2231 743 2273 auctore
783 2229 956 2274 Cobeto
995 2229 1164 2274 Mnem.
1197 2229 1261 2272 III
1294 2234 1377 2274 148
1419 2244 1525 2274 cum
1563 2230 1667 2288 Rog
1742 2231 1851 2274 θεοὶ

156 2289 425 2333 AthUVaB
457 2289 560 2333 Mor
575 2289 643 2332 Re
766 2293 791 2332 5
824 2289 1025 2345 τοσαύτη
1060 2291 1106 2333 et
1141 2287 1341 2343 πρόνοια
1374 2290 1539 2346 scripsi
1583 2288 1850 2333 auctoribus

94 2374 102 2381 -
154 2347 363 2391 Iacobsio
409 2348 521 2391 Lecfi
554 2352 639 2391 194
688 2348 794 2404 App
834 2349 946 2392 Pors
989 2352 1070 2392 321
1118 2347 1213 2392 Not
1248 2354 1302 2392 14
1346 2350 1393 2392 et
1437 2348 1617 2392 Sinteni
1702 2347 1753 2399 ὃς
1793 2355 1848 2406 τῇ

157 2408 203 2450 et
225 2405 447 2481 προνοίᾳ
491 2407 565 2464 (in
603 2408 691 2451 Ma
735 2410 1039 2463 evanuerunt)
1083 2407 1191 2451 libri
1236 2407 1326 2451 edd
1377 2409 1401 2480 Ι
1434 2405 1584 2469 οἰκεία
1623 2409 1717 2452 Ath

156 2469 180 2508 6
215 2465 337 2519 ὁρῶν
370 2452 523 2524 ἰόντα]
567 2464 831 2522 ἐφέρποντα
870 2466 1138 2510 Hefermehl
1263 2471 1285 2508 7
1326 2464 1401 2510 ὑπ’
1437 2453 1623 2523 reposui
1657 2480 1682 2510 e
1717 2466 1849 2510 libris

155 2526 342 2568 auctore
383 2525 450 2568 Re
483 2540 588 2569 cum
621 2525 724 2583 Rog
784 2522 861 2569 ἀπ’
898 2525 999 2570 Mor
1016 2526 1083 2569 Re
1206 2530 1231 2569 8
1274 2525 1489 2582 ἐμέλησεν
1522 2527 1567 2571 Β
1690 2531 1741 2568 11
1777 2523 1847 2570 ἐπ’

154 2583 329 2627 inserui
369 2598 423 2628 ex
465 2585 632 2629 UVaB
672 2584 775 2628 coll.
817 2584 1063 2629 Thu01.1.
1106 2585 1252 2638 „deest
1291 2586 1500 2657 aliquid“
1537 2585 1604 2628 Re
1641 2582 1739 2640 ,,ἐπ’
1776 2586 1849 2629 ἐκ·

155 2639 345 2698 κλησίας
382 2644 450 2687 vel
481 2643 531 2688 ἐν
564 2643 698 2700 ἐκκλη
705 2642 855 2694 σίαις“
898 2643 1102 2687 Sintenis
1180 2644 1317 2700 μεστὴ
1350 2641 1395 2687 δ’
1434 2644 1461 2700 ἡ
1496 2644 1600 2689 {unz
1635 2642 1712 2687 σία
1744 2658 1849 2687 auc-

154 2701 332 2745 toribus
369 2701 579 2746 Iacobsio
617 2703 722 2745 Add
756 2707 841 2746 262
889 2703 1001 2746 Lech
1043 2707 1126 2746 194
1167 2705 1229 2759 (et
1263 2702 1362 2746 sine
1395 2701 1439 2746 δ’
1481 2704 1586 2759 App
1658 2717 1730 2747 ors
1763 2707 1847 2746 321

154 2757 250 2803 Not
283 2763 354 2818 15)
401 2763 447 2804 et
486 2760 658 2805 Cobeto
701 2762 803 2819 Rog
939 2767 993 2805 12
1036 2761 1285 2816 ἀδικήσασι
1331 2761 1533 2807 Sintenis
1692 2767 1745 2804 14
1786 2758 1849 2804 ὧν

155 2817 204 2860 in
246 2833 321 2862 ras
364 2819 475 2864 Ma²
635 2824 688 2864 15
736 2820 827 2876 πρὸ
874 2827 966 2864 τῶν
1011 2818 1297 2877 Ἐπωνύμων
1344 2821 1539 2878 scripsi
1553 2822 1739 2864 auctore
1781 2821 1849 2864 Re

157 2889 280 2979 5311}
300 2878 404 2934 Rog
487 2880 683 2934 πρώτων
727 2881 1002 2935 ἐπωνυμιῶν
1045 2879 1154 2923 libri
1198 2879 1300 2923 Mor
1322 2880 1389 2923 Re
1440 2882 1445 2937 1
1496 2879 1772 2936 ἐᾳκειμένων
1812 2880 1857 2923 U

204 2950 233 2979 a
