2026 3192
702 81 709 86 ’
751 106 998 151 OIMONIS
1031 106 1255 151 ORATIO
1742 107 1851 159 519

155 245 535 314 ἀπέθνησκον,
582 244 675 297 ἵνα
712 244 785 312 μὴ
826 243 1159 311 Μιλτιάδης·
1210 241 1326 296 ἐπεὶ
1374 240 1434 295 δὲ
1478 243 1506 296 ὁ
1549 250 1711 296 τοῦτο
1750 240 1851 312 μὲν

152 333 402 404 παρέξων
427 333 529 386 οὐκ
553 330 687 399 ἔστι,
719 342 831 385 τῶν
863 332 925 385 δὲ
955 330 1079 402 περὶ
1112 333 1210 385 τὸν
1242 333 1447 401 δεσμὸν
1469 332 1626 401 ὑμεῖς
1648 333 1850 401 κύριοι,

154 425 279 477 δότε
316 444 408 490 μοι
449 424 551 492 τὴν
589 422 751 491 χάριν
790 417 853 489 ἧς
891 422 979 473 καὶ
1020 427 1095 492 τῷ
1128 428 1463 489 κοινωνῆσαι
1511 419 1672 489 δόξης
1720 421 1850 474 ἀπο-

154 513 396 565 λαύσετε.
443 513 514 580 μὴ
556 513 659 580 γὰρ
700 515 888 564 οἴεσθε
936 518 1000 580 τῇ
1047 507 1149 576 μὲν
1188 510 1507 563 Μιλτιάδου
1554 513 1850 582 στρατηγίᾳ

153 603 254 670 τὴν
307 602 471 654 πόλιν
522 598 882 667 ἐνδοξοτέραν
936 603 1297 667 γεγενῆσθαι,
1359 599 1458 651 τὸν
1520 600 1726 668 δεσμὸν
1788 597 1849 653 δὲ
1896 622 1915 654 5

152 698 354 744 τοῦτον
401 690 501 743 οὐκ
549 694 797 742 εἴσεσθαι
846 690 976 751 τοὺς
1024 686 1345 757 ἐσομένους,
1402 687 1486 740 ὅτι
1531 687 1564 756 ἡ
1612 690 1770 751 πόλις
1816 690 1848 757 ἡ

151 788 264 832 τῶν
284 776 602 848 Ἀθηναίων
633 779 770 847 πρὸς
802 785 917 840 τοῖς
949 778 1134 840 ἄλλοις
1167 777 1404 845 ἀγαθοῖς
1434 775 1524 830 καὶ
1557 776 1702 830 νέων
1732 788 1849 841 ταῖς

150 869 289 938 ὑπὲρ
321 877 432 921 τῶν
463 866 716 936 πατέρων
748 867 1142 936 ταλαιπωρίαις
1173 868 1514 935 κεκόσμηται.
1547 865 1637 919 καὶ
1671 868 1773 935 γὰρ
1800 869 1852 919 εἰ

152 951 231 1020 εἷς
263 958 292 1011 ὁ
327 961 539 1026 Κίμων,
572 955 686 1008 ἀλλ’
724 957 857 1025 ὅλης
894 964 990 1024 τῆς
1029 955 1244 1024 ἡλικίας
1282 953 1433 1008 ἔσται
1466 957 1526 1008 τὸ
1559 954 1847 1025 ἐγκώμιον.

267 1046 349 1098 17.
396 1047 471 1098 Εἰ
517 1042 621 1099 οὖν
669 1043 727 1097 ἐκ
773 1054 885 1098 τῶν
931 1044 1115 1097 αὐτῶν
1155 1043 1261 1112 ἐγώ
1306 1063 1363 1097 τε
1403 1045 1615 1107 δίκαιος
1655 1047 1847 1112 ἔσομαι
1873 1067 1915 1098 ιο

149 1133 240 1187 καὶ
281 1134 438 1203 ὑμεῖς
477 1135 822 1202 σεμνότεροι,
873 1142 988 1195 πῶς
1026 1141 1142 1195 τοῖς
1182 1133 1283 1186 οὐκ
1323 1131 1452 1186 ἐῶσι
1494 1140 1663 1186 ταῦτα
1703 1134 1846 1187 οὕτω

148 1229 469 1293 πραχθῆναι
508 1222 816 1291 προσέξετε;
858 1219 990 1276 οὐδὲ
1030 1223 1133 1291 γὰρ
1176 1220 1353 1275 ἐκεῖνό
1393 1242 1454 1290 γε
1490 1219 1641 1275 ἔστιν
1673 1225 1847 1276 εἰπεῖν

150 1313 234 1366 ὅτι
282 1313 597 1366 Μιλτιάδου
653 1309 756 1379 μὲν
810 1311 1108 1380 δεδεμένου
1165 1313 1408 1380 λήψεσθε
1465 1313 1530 1364 τὰ
1584 1316 1846 1382 χρήματα,

147 1403 344 1469 Κίμων
384 1401 433 1454 δ’
480 1403 528 1455 εἰ
569 1403 778 1469 δεθείη,
820 1402 1248 1470 στερηθήσεσθε.
1290 1398 1421 1454 οὐδὲ
1461 1402 1590 1470 γάρ,
1639 1400 1709 1454 ἂν
1747 1401 1846 1470 ἆμ-

147 1490 419 1561 φοτέρους
457 1492 656 1560 δήσητε
696 1489 787 1543 καὶ
835 1491 971 1559 πρὸς
1017 1490 1148 1559 ἡμῖν
1196 1510 1255 1558 γε
1302 1491 1404 1558 τὴν
1451 1490 1700 1559 ἀδελφὴν
1745 1492 1846 1559 τὴν
1870 1512 1911 1544 15

148 1580 302 1649 ἐμήν,
341 1581 471 1643 τούς
509 1599 572 1648 γε
611 1580 677 1632 οὐ
720 1578 1069 1646 δυναμένους
1107 1581 1360 1648 ποιήσετε
1394 1579 1689 1632 δύνασθαι.
1732 1584 1845 1632 ἴστε

148 1671 252 1739 γὰρ
294 1671 379 1738 δή,
420 1666 462 1722 ὦ
503 1669 702 1737 ἄνδρες
732 1667 1038 1736 Ἀθηναῖοι,
1078 1669 1144 1721 τὰ
1183 1667 1415 1738 ἡμέτεροι
1447 1667 1537 1721 καὶ
1571 1669 1644 1731 ὡς
1677 1667 1846 1721 οὐδέν

147 1757 312 1827 ε’σμεν
373 1760 741 1827 λαμπρότεροι
796 1767 908 1810 τῶν
962 1760 1227 1825 γειτόνων
1283 1758 1408 1811 οὔτε
1470 1766 1588 1820 ταῖς
1647 1759 1845 1820 οἰκίαις

147 1848 275 1900 οὔτε
313 1848 447 1899 κατὰ
487 1848 671 1899 τᾶλλα.
753 1846 834 1899 18.
871 1847 877 1915 Ι
913 1848 1090 1900 καίτοι
1128 1855 1310 1917 παρῆν
1356 1867 1417 1914 γε
1464 1849 1662 1915 βουλο-
1709 1851 1931 1896 R1V342

145 1935 291 2008 μένῳ
323 1942 396 2008 τῷ
421 1934 587 2004 πατρὶ
622 1936 857 2005 μηδενὸς
889 1934 1090 1989 ἐλάττω
1123 1945 1235 1989 τῶν
1265 1936 1413 1989 πάνυ
1447 1936 1843 1988 πλουτούντων
1867 1958 1910 1989 20

147 2027 308 2094 ἔχειν,
348 2026 396 2078 εἰ
434 2026 501 2077 τὰ
540 2025 714 2078 αὑτοῦ
753 2029 964 2093 μᾶλλον
999 2024 1031 2092 ἢ
1065 2026 1126 2077 τὸ
1165 2026 1359 2078 κοινὸν
1399 2024 1587 2088 αὔξειν
1625 2026 1843 2093 ἤθελεν.

267 2160 320 2199 16
361 2155 482 2199 Plut.
517 2154 629 2199 Cim.
657 2161 696 2198 4.
742 2155 859 2212 Nep.
894 2155 1006 2199 Cim.
1037 2130 1056 2199 1
1206 2161 1258 2198 21
1302 2155 1496 2199 Aristid.
1529 2169 1612 2211 pro
1637 2155 1701 2198 IV
1731 2155 1842 2199 viris

146 2217 179 2257 t.
205 2214 246 2258 Π
277 2230 322 2271 p.
350 2219 450 2268 224,
471 2220 495 2257 5
515 2229 581 2270 sq.
615 2215 686 2259 ed.
720 2215 859 2258 Dind.

267 2337 289 2375 1
324 2331 452 2388 θάνῃ
485 2333 592 2388 post
622 2331 863 2389 μιλτιάδης
887 2334 966 2377 LI
991 2332 1102 2387 edd,
1143 2332 1217 2376 lac
1250 2337 1424 2376 28—29
1449 2331 1528 2376 litt
1561 2334 1618 2376 Vi
1691 2333 1841 2377 delevi

266 2397 291 2435 2
323 2397 416 2434 τῶν
449 2390 484 2433 L
516 2391 598 2434 sed
630 2408 657 2435 v
690 2392 784 2434 add
815 2391 886 2435 m²
947 2406 1021 2435 om
1056 2392 1112 2435 Vi
1147 2393 1153 2450 Ι
1194 2391 1299 2446 περὶ
1333 2390 1385 2436 δὲ
1419 2393 1477 2436 Vi
1596 2397 1621 2435 3
1654 2409 1733 2449 μοι
1765 2407 1840 2437 om

155 2452 258 2495 ViB
335 2448 393 2505 δὴ
419 2449 529 2494 Lau
579 2451 584 2506 Ι
634 2450 686 2494 τὸ
721 2451 871 2495 ViBL
904 2451 985 2494 sed
1017 2451 1065 2494 in
1098 2451 1187 2494 hoc
1219 2451 1243 2494 ὁ
1279 2450 1330 2494 in
1362 2458 1397 2494 ὦ
1431 2465 1531 2495 corr
1562 2451 1646 2507 ω’,
1671 2451 1782 2496 Lau
1832 2455 1836 2495 t

145 2508 281 2563 δόξαι
315 2510 373 2553 Vi
407 2511 415 2564 Ι
458 2509 738 2554 ἀπελαύσετε
774 2511 830 2554 Vi
890 2510 1178 2554 ἀπελαύσατε
1204 2511 1248 2552 Β
1370 2514 1398 2553 5
1429 2508 1650 2567 γενέσθαι
1675 2512 1720 2554 Β

146 2574 172 2613 6
206 2569 290 2613 οὐκ
327 2567 508 2612 εἴσεσθε
533 2568 579 2611 Β
642 2569 696 2611 οὐ
722 2572 912 2613 κεῖσθαι
942 2576 1041 2620 τοῖς
1064 2567 1301 2624 ἐσομένοις
1335 2570 1392 2614 Vi
1451 2569 1676 2626 λήσεσθαι
1699 2568 1727 2626 ἢ
1754 2571 1839 2614 οὐκ

146 2627 328 2672 εἴσεθαι
368 2627 472 2670 coni
503 2626 571 2670 Re
716 2632 740 2671 9
782 2628 875 2672 ἐστὶ
910 2629 967 2671 Vi
1111 2633 1165 2671 10
1206 2635 1319 2684 γοῦν
1354 2629 1412 2673 Vi
1555 2635 1606 2673 11
1653 2629 1697 2674 οἱ
1729 2632 1838 2673 ante

146 2685 409 2743 σεμνότεροι
434 2685 563 2739 Lau,
602 2699 678 2729 ras
712 2691 737 2729 2
761 2686 842 2730 litt
867 2688 909 2730 L
986 2685 1247 2743 σεμνότεροι
1271 2688 1317 2730 Β
1357 2688 1438 2731 sed
1478 2701 1526 2731 σε
1566 2702 1621 2732 ex
1653 2688 1698 2732 οἱ
1738 2703 1840 2732 corr

144 2746 215 2788 m²
241 2746 247 2803 Ι
276 2744 394 2790 οὕτω
427 2759 502 2788 om
527 2746 572 2789 B
696 2750 749 2789 12
783 2746 903 2790 ἔστιν
935 2746 984 2789 in
1008 2760 1083 2789 ras
1107 2745 1175 2790 L²
1298 2751 1351 2790 14
1383 2745 1547 2804 δεθείη
1574 2748 1618 2790 L
1649 2748 1731 2792 sed
1763 2761 1836 2791 ras

148 2811 170 2848 1
197 2804 276 2848 litt
307 2807 414 2848 ante
447 2806 484 2847 θ
535 2806 540 2859 Ι
592 2803 866 2859 στερήσεσθε
900 2805 957 2848 Vi
1017 2802 1077 2849 ἂν
1109 2818 1184 2848 om
1209 2806 1255 2849 Β
1394 2811 1447 2849 15
1479 2807 1597 2862 πρὸς
1627 2805 1738 2863 ἡμῖν
1767 2806 1837 2864 γε]

145 2862 333 2918 προσέτι
357 2864 390 2906 Ι
427 2864 432 2919 Ι
483 2877 533 2919 γε
566 2877 642 2906 om
675 2864 732 2906 Vi
854 2868 906 2906 17
940 2863 1028 2921 γὰρ
1062 2878 1137 2907 om
1172 2865 1228 2908 Vi.
1350 2869 1403 2907 18
1434 2871 1489 2923 τῇ
1523 2863 1650 2926 οἰκίᾳ
1683 2866 1740 2909 Vi
1770 2865 1837 2908 Re

267 2927 320 2966 19
359 2919 464 2965 κατ’
500 2920 614 2964 ἄλλα
650 2923 706 2965 Vi
849 2927 902 2965 21
944 2923 1088 2967 αὑτοῦ
1121 2923 1286 2979 scripsi
1319 2937 1344 2968 e
1370 2925 1415 2968 Β
1491 2926 1636 2969 αὐτοῦ
1667 2923 1837 2980 reliqui
