2026 3192
234 116 343 168 462
702 118 931 161 LIBANII
962 118 1353 162 DECLAMATIO
1385 119 1448 162 IX

234 254 493 320 γυναικὸς
531 250 596 321 ἧς
635 253 813 306 ἐδόκει
854 262 917 323 τῇ
960 254 1105 322 Τύχῃ
1144 253 1404 322 κάκείνην
1439 274 1513 322 τε,
1552 256 1733 323 ὥσπερ
1765 257 1925 325 ὑμῶν

234 340 459 403 ἕκαστος
497 341 567 409 ἣν
605 339 714 410 ἔχει
754 342 889 393 κατὰ
928 343 1058 404 τοὺς
1104 344 1309 408 νόμους
1355 345 1615 411 ἔστεργον
1661 343 1752 396 καὶ
1798 352 1922 397 τοῦ.-

230 450 331 483 τον
368 427 630 499 ἔτρεφον,
678 430 858 499 ὥσπερ
897 429 1053 496 ὑμεῖς
1091 432 1222 493 τοὺς
1258 429 1557 501 ὑμετέρους
1603 433 1810 500 αὐτῶν,
1856 435 1923 486 τά

229 538 287 571 τε
340 520 478 572 ἄλλα
533 517 622 571 καὶ
676 520 824 588 παρὰ
878 521 1008 581 τοὺς
1055 520 1422 582 διδασκάλους
1469 522 1708 586 ἔπεμπον
1764 522 1924 584 εἰδὼς

186 629 205 661 5
231 607 316 661 ὅτι
346 607 485 675 μέγα
516 618 634 670 ταῖς
664 615 867 676 ψυχαῖς
898 608 931 675 ἡ
963 609 1253 670 παίδευσις
1285 607 1516 676 ἀγαθόν.
1595 610 1642 662 7.
1676 609 1921 664 ἐνταῦθα

230 692 392 759 οὗτος
455 698 616 765 ἰσχὺν
676 693 778 763 μὲν
841 697 1060 764 φύσεως
1122 696 1338 749 ἐδείκνυ
1401 695 1491 750 καὶ
1553 700 1696 751 πολὺ
1750 702 1920 769 ταύτῃ

227 782 424 856 παρῄει
464 787 593 846 τοὺς
632 793 1071 852 συμφοιτῶντας,
1110 784 1364 838 ἐπείθετο
1405 786 1466 839 δὲ
1497 786 1564 840 οὐ
1595 787 1773 840 πάντα
1803 798 1923 851 τοῖς

228 875 481 943 ἄγουσιν,
520 873 637 927 ἀλλ’
686 874 857 926 αὑτὸν
896 874 956 926 ἐν
989 884 1104 936 τοῖς
1134 878 1360 936 πολλοῖς
1391 873 1564 928 ἐποίει
1595 876 1794 944 κύριον
1828 876 1918 930 καὶ

137 968 258 1012 RIV
275 973 360 1012 376
408 965 543 1031 πρὸς
581 964 677 1025 τὰς
716 963 887 1031 ὁρμὰς
921 968 928 1028 Ι
963 970 1058 1031 τῆς
1096 964 1317 1031 γνώμης
1348 965 1405 1016 αἱ
1443 973 1553 1016 τῶν
1584 965 1920 1034 παραινούν-

162 1075 203 1107 ιο
226 1073 337 1105 των
377 1051 583 1124 ἐπῳδαὶ
623 1054 820 1122 μικρὸν
863 1052 1071 1120 ἴσχυον.
1113 1054 1190 1114 είς
1230 1052 1263 1104 ἃ
1302 1051 1522 1119 βλέπων
1567 1073 1650 1115 τις
1687 1062 1799 1106 τῶν
1836 1055 1918 1106 δι-

226 1142 517 1194 δασκάλων
572 1137 761 1203 οὗτος
809 1142 837 1194 ὁ
886 1139 1056 1206 νέος,
1110 1141 1372 1202 πολλάκις
1428 1144 1557 1210 ἔφη,
1614 1141 1919 1211 ποτέροις

225 1227 339 1299 μὲν
380 1230 583 1283 αὑτὸν
623 1231 818 1283 δώσει
857 1238 986 1282 τῶν
1016 1226 1249 1298 ἔργων,
1291 1235 1420 1283 εἴτε
1452 1239 1590 1293 τοῖς
1620 1234 1919 1300 χείροσιν

224 1325 352 1372 εἴτε
392 1329 529 1381 τοῖς
564 1318 936 1388 ἀμείνοσιν,
970 1319 1086 1370 οὐκ
1119 1319 1197 1371 ἂν
1235 1324 1334 1387 εἰή
1366 1329 1724 1388 προειπεῖν.
1766 1319 1916 1372 ὁπο-

222 1408 460 1477 τέρωσε
501 1407 549 1460 δ’
597 1407 674 1460 ἂν
714 1407 1058 1477 ἀποκλίνῃ,
1097 1406 1255 1475 μέγα
1296 1427 1354 1460 τι
1392 1418 1600 1460 ποιῶν
1639 1409 1707 1461 ἐν
1754 1407 1915 1462 ἐκεί-

159 1519 199 1552 15
222 1518 307 1569 νςο
350 1508 673 1566 φανεῖται.
712 1495 802 1549 καὶ
845 1497 946 1549 οὐκ
987 1496 1271 1559 ἐψεύσατο.
1312 1495 1474 1564 ὁρᾶτε
1513 1505 1653 1565 γοῦν
1692 1497 1918 1565 ἡλίκους

221 1587 357 1655 ὑμῖν
397 1589 557 1639 ἔλυσε
596 1588 823 1654 φόβους.
903 1585 949 1637 8.
990 1585 1129 1638 ἀλλὰ
1167 1593 1337 1638 ταῦτα
1377 1583 1479 1654 μὲν
1512 1585 1764 1655 ὕστερον,
1795 1588 1912 1639 τότε

222 1674 300 1743 δέ,
341 1672 383 1728 ὦ
423 1676 621 1744 ἄνδρες
653 1673 952 1742 Ἀθηναῖοι,
982 1676 1167 1730 ,πολλὰ
1205 1675 1407 1727 τούτου
1447 1675 1782 1743 πράττοντος
1822 1674 1906 1745 ἐφ’

222 1756 304 1826 οἷς
343 1764 450 1817 ὑπὸ
491 1774 603 1816 τῶν
641 1766 823 1831 φίλων
863 1762 1236 1831 ἐνεκαλούμην
1285 1761 1416 1830 ἐγώ,
1464 1761 1587 1832 παρ’
1637 1763 1770 1829 ἐμοῦ
1811 1765 1912 1832 γαρ

221 1852 462 1921 ἡγοῦντο
503 1854 772 1905 δεδόσθαι
812 1853 914 1920 τὴν
954 1850 1234 1918 ἐξουσίαν,
1284 1849 1478 1919 ἔλεγον
1519 1852 1656 1920 πρὸς
1693 1859 1915 1904 τοῦτον

154 1937 263 1995 εοῶ
302 1948 437 2006 παῖ,
491 1948 735 1993 παῦσαι
789 1941 1039 1993 τούτων
1094 1949 1220 1993 τῶν
1266 1937 1475 2007 ἔργων
1522 1940 1554 1992 ἃ
1601 1942 1753 2003 τοὺς
1796 1937 1914 2007 μὲν,

221 1984 635 2097 ἐπιτηδείους
682 2028 836 2098 ἡμῖν
884 2028 1057 2099 ἀνιᾷ,
1105 2030 1254 2090 τοὺς
1301 2028 1370 2080 δὲ
1419 2030 1765 2097 δυσμενεις
1811 2028 1911 2081 εὐ-

220 2118 501 2186 φραίνει.
573 2117 793 2185 κρατει
862 2126 990 2169 τῶν
1060 2117 1314 2186 ἡδονῶν
1385 2111 1484 2178 αἶς
1554 2116 1914 2169 ἀκολουθεῖ

218 2207 436 2301 ψογος.
481 2205 643 2300 μέγα
683 2213 1056 2275 φρονοῦσιν
1104 2206 1163 2257 οἱ
1210 2215 1335 2258 τῶν
1383 2206 1596 2258 ἄλλων
1641 2203 1915 2274 πατέρες

340 2341 366 2379 5
383 2335 727 2418 ΡΙηι.Τὴοω.2,
741 2342 762 2378 1
860 2342 914 2379 10
930 2335 988 2379 of.
999 2351 1040 2391 p.
1055 2338 1140 2378 488
1145 2340 1292 2390 ‚88.;q
1318 2335 1649 2389 496,18.Ρ1υ1;
1661 2334 1820 2378 Them.
1833 2340 1873 2387 2,
1885 2339 1910 2376 2

339 2461 361 2497 1
395 2461 448 2510 τῇ
481 2454 656 2498 inserui
688 2469 712 2497 e
740 2453 874 2497 libris
938 2468 1014 2496 om
1046 2453 1136 2497 edd
1259 2459 1283 2495 2
1317 2454 1426 2503 τοὺς
1456 2452 1632 2496 inserui
1665 2465 1688 2496 e
1724 2452 1852 2496 GBL
1909 2477 1913 2480 »

218 2528 294 2557 om
326 2514 493 2569 reliqui
524 2513 634 2556 libri
666 2513 748 2557 sed
770 2513 913 2556 verba
943 2526 1092 2569 usque
1124 2513 1185 2556 ad
1215 2519 1380 2556 τοῦτον
1408 2513 1458 2555 in
1485 2514 1572 2556 Ma
1605 2511 1793 2566 detrita,
1819 2511 1907 2554 edd

337 2579 361 2616 3
397 2573 550 2616 αὑτῶν
586 2572 656 2617 ΟΙ
679 2572 762 2615 sed
793 2572 842 2615 in
874 2572 962 2616 hoc
983 2570 993 2586 ³
1025 2585 1049 2614 e
1069 2569 1082 2586 ’
1119 2585 1220 2615 corr
1251 2571 1320 2614 m²
1440 2577 1467 2614 4
1506 2570 1634 2625 παρὰ
1664 2569 1852 2626 reposui
1885 2584 1911 2614 e

216 2632 348 2675 libris
389 2632 471 2676 sed
503 2631 550 2674 in
585 2633 673 2675 Ma
706 2631 879 2674 detrita
911 2633 958 2675 et
988 2633 1037 2674 in
1069 2631 1114 2675 L
1145 2633 1393 2686 utrumque
1427 2648 1456 2673 α
1488 2630 1537 2673 in
1567 2642 1643 2672 ras
1674 2629 1745 2671 m²
1805 2630 1911 2683 περὶ

218 2691 308 2733 edd
341 2691 422 2734 sed
456 2692 575 2747 „leye
604 2690 734 2745 παρὰ
765 2696 851 2734 aut
879 2690 1024 2745 πρὸς“
1057 2690 1125 2733 Re
1270 2694 1322 2732 11
1365 2688 1583 2738 πολλάκις
1623 2688 1710 2744 ἔφη
1744 2688 1909 2743 scripsi

218 2763 242 2792 e
262 2750 578 2794 CMaBILau
638 2749 727 2805 ἔφη
753 2748 1026 2799 πολλάκιςΙΛ
1043 2749 1133 2792 edd
1257 2753 1310 2792 12
1337 2750 1551 2793 ἐπιδώσει
1569 2749 1597 2791 1
1718 2752 1772 2789 14
1795 2746 1910 2790 ὑπο-

217 2806 347 2864 κλίνη
380 2811 416 2853 Ι
450 2812 455 2862 Ι
500 2805 544 2851 τί
565 2806 604 2851 C'
722 2813 774 2851 15
808 2808 888 2850 καὶ
920 2822 993 2851 om
1029 2808 1125 2863 Maff
1153 2808 1158 2865 Ι
1194 2807 1281 2864 γὰρ
1310 2809 1348 2852 C
1466 2812 1519 2849 16
1553 2807 1659 2862 ὑμῖν
1685 2805 1851 2860 scripsi
1884 2819 1908 2847 e

220 2868 441 2912 OBILau
501 2867 610 2923 ἡμῖν
637 2868 772 2911 MaL
804 2867 895 2910 edd
1030 2871 1084 2910 18
1115 2867 1197 2911 τὸν
1230 2865 1367 2921 φίλον
1396 2868 1482 2910 Μα
1605 2870 1657 2907 19
1695 2864 1845 2921 ἡγεῖτο
1872 2865 1910 2908 0.

219 2928 224 2981 1
261 2924 320 2969 ἂν
352 2929 458 2981 post
491 2926 645 2981 ἔλεγον
680 2925 991 2969 OMaLILau
1025 2925 1115 2968 edd
1177 2925 1325 2968 delevi
1450 2929 1499 2966 21
1538 2924 1645 2979 ὑμῖν
1680 2923 1768 2966 Μα
