2026 3192
664 128 911 174 ORESTIS
943 128 1241 174 DEFENSIO
1683 129 1792 182 395

99 265 267 332 αύτης
328 262 480 317 ἐστὶν
541 264 856 330 ἀλαζονείας
917 266 1084 334 μεστὴ
1152 265 1225 328 ὡς
1285 261 1410 335 μηδ’
1473 264 1542 319 ἂν
1599 265 1793 336 ἑτέραν

99 357 324 407 οἴεσθαί
357 372 466 407 που
505 357 730 422 κρείττω
770 353 1059 423 γενέσθαι,
1107 353 1245 408 ἀλλὰ
1284 362 1553 409 τοσοῦτον
1591 354 1792 423 ἀγανα-

97 451 263 511 κτεῖν,
304 448 359 496 εἴ
390 463 472 505 τις
511 445 684 512 καλὴν
724 442 915 513 ἑτέραν
955 442 1008 507 ἐξ
1045 449 1169 496 ἴσου
1209 446 1629 514 προσαγορεύεις
1668 442 1791 513 πρέ-

97 549 217 585 πων
264 533 367 600 γὰρ
414 533 636 600 γυναικὶ
685 535 886 600 κόσμος
933 533 998 586 οὐ
1046 534 1106 586 τὸ
1159 533 1382 601 κάλλος,
1437 531 1554 586 ἀλλ’
1609 534 1640 602 ἡ
1689 547 1794 586 σω-

99 622 370 691 φροσύνη.
425 623 550 690 περὶ
597 619 661 691 ἧς
700 622 728 676 ὁ
770 623 947 691 πατὴρ
1004 621 1209 675 οὐδένα
1262 625 1553 690 πεποίηται
1609 624 1792 690 λόγον,

98 709 215 763 ἀλλ’
254 711 435 779 ὥσπερ
468 731 517 764 τι
554 710 716 782 γέρας
748 709 1028 780 ἐξαίρετον
1061 710 1287 764 ἀπέλιπε
1324 719 1387 781 τῇ
1419 715 1596 780 μητρί.
1628 718 1791 764 τοῦτο

98 801 202 870 γὰρ
245 798 395 872 ςίἶετο.
444 800 510 853 οὐ
552 801 657 869 γὰρ
698 797 816 854 εἷπε
857 799 1316 871 σωφρονεστέραν
1357 800 1573 870 ἐκείνην
1607 800 1640 869 ἢ
1673 796 1786 853 κατ’

98 889 232 942 αὐτό
280 909 341 957 γε
387 897 551 943 τοῦτο
598 894 1003 959 παραπλησίαν,
1044 888 1163 944 ἀλλ’
1217 887 1270 954 ἐξ,
1327 885 1406 943 ὧν
1461 891 1531 943 ἄν
1576 910 1658 953 τις
1704 890 1794 942 καὶ

97 978 447 1045 θεράπαιναν
496 977 587 1031 καὶ
634 981 736 1048 τὴν
781 987 1060 1049 τυχοῦσαν
1113 979 1317 1049 ῥαδίως
1370 979 1642 1046 θαυμάζοι
1696 981 1793 1032 τὸν

98 1069 327 1120 ἔπαινον
366 1067 601 1122 ἐποιεῖτο
644 1068 798 1122 ἰδέαν
838 1068 1013 1137 λέγων
1046 1067 1136 1122 καὶ
1177 1069 1375 1131 κάλλος
1414 1067 1504 1121 καὶ
1543 1069 1645 1121 ὅσα
1675 1077 1794 1131 ταῖς

97 1156 250 1226 χερσὶ
299 1156 670 1222 διαπράξαιτο.
750 1157 835 1211 36.
884 1160 954 1211 σὺ
1010 1158 1071 1211 δὲ
1127 1158 1199 1221 ὡς
1254 1156 1314 1211 ἐν
1362 1156 1592 1211 ἐπαίνου
1643 1156 1794 1227 μέρει

99 1249 512 1315 ζηλοτυποῦσαν)
552 1245 686 1316 ἡμῖν
724 1249 826 1314 τὴν
864 1246 1069 1318 μητέρα
1109 1249 1246 1317 πρὸς
1285 1247 1665 1316 αἰχμαλώτους
1703 1245 1794 1299 καὶ

98 1336 387 1405 δυστυχεῖς
435 1334 763 1404 ἀποφαίνεις
816 1344 924 1390 νῦν
972 1333 1074 1403 μὲν
1121 1337 1223 1405 τὴν
1269 1336 1518 1406 Χρύσου,
1573 1343 1679 1388 νῦν
1733 1336 1796 1389 δὲ

97 1426 197 1494 τὴν
252 1426 512 1494 Πριάμου
571 1426 743 1478 παῖδα
803 1425 1104 1495 προφέρων
1166 1427 1347 1496 ὥσπερ
1411 1424 1657 1494 ἐγκαλῶν
1719 1432 1794 1497 τςό

96 1511 260 1582 πατρὶ
301 1514 384 1567 ὅτι
433 1517 638 1582 Τροίαν
678 1507 788 1568 εἷλε
827 1513 918 1568 καὶ
971 1517 1239 1585 λαφύρων
1285 1516 1576 1584 μετείληφε
1625 1517 1794 1584 Τρωι-

93 1612 223 1655 κῶν.
264 1610 427 1656 τοῦτο
468 1604 571 1672 γὰρ
612 1606 808 1674 δεῖγμα
846 1612 942 1673 τῆς
973 1613 1085 1657 τῶν
1117 1605 1350 1673 ἀγαθῶν
1383 1603 1578 1674 ἀρετῆς
1610 1605 1794 1673 αἰχμα-

99 1693 307 1755 λώτους
354 1694 510 1760 ἄγειν
554 1692 643 1746 καὶ
684 1696 1029 1764 θεραπαίνας
1074 1703 1183 1747 τῶν
1233 1695 1619 1763 λελυπηκότων
1665 1695 1796 1755 τοὺς

218 1829 272 1868 12
307 1824 364 1868 of.
397 1823 521 1869 t.1V
548 1829 646 1879 134,
667 1829 723 1869 20

219 1948 241 1987 1
277 1941 550 1997 ἀλαζονείας
581 1944 768 2000 reposui
800 1958 824 1988 e
857 1943 990 1988 libris
1051 1942 1301 1997 ἀλαζονίας
1333 1944 1423 1988 edd
1451 1945 1458 2000 Ι
1486 1942 1546 1999 μὴ
1580 1939 1626 1987 δ’
1663 1943 1721 1988 H
1726 1943 1795 1987 Va

98 2003 364 2048 BViMaCl
505 2007 530 2046 2
570 2019 664 2047 που
704 2002 870 2060 scripsi
902 2018 957 2047 ex
990 2005 1048 2049 H
1053 2003 1320 2049 VVaMaCl
1393 2018 1475 2047 ποι
1507 2002 1584 2047 La
1624 2002 1706 2046 sed
1738 2018 1794 2047 ov

98 2075 315 2119 suprascr
346 2077 397 2121 y,
431 2062 538 2107 ΒΜ
550 2063 607 2107 Vi
644 2063 735 2106 edd
880 2068 905 2107 3
946 2062 1108 2118 ἑτέραν
1142 2064 1187 2107 V
1211 2063 1294 2107 sed
1331 2060 1471 2118 τέραν
1509 2062 1635 2106 inser
1672 2061 1743 2105 ω’
1786 2061 1790 2120 Ι

99 2120 251 2176 ἐξίσου
293 2122 662 2167 VaLaMViMa
718 2125 724 2178 Ι
782 2123 1120 2181 προσαγορεύοι
1153 2122 1298 2167 ΜαΟῑ
1345 2123 1530 2178 „malim
1566 2135 1795 2179 προσαγο-

99 2182 212 2240 ρεύῃ
245 2187 328 2226 aut
358 2181 728 2238 προσαγορεύοι“
761 2182 842 2237 Re,
887 2182 962 2226 cui
995 2181 1240 2227 oblocussus
1273 2184 1345 2226 est
1374 2181 1537 2225 Iacobs
1570 2181 1676 2224 Add
1711 2185 1793 2224 147

98 2243 212 2286 Lect
243 2246 299 2284 95
350 2245 355 2296 Ι
406 2239 595 2295 πρέπων
621 2267 674 2273 -
702 2246 728 2285 5
762 2242 1040 2298 σωφροσύνη
1074 2242 1247 2286 omissa
1285 2240 1373 2298 γὰρ
1413 2239 1647 2297 particula
1679 2240 1796 2284 citat

99 2303 259 2346 Macar
297 2300 470 2344 1'0184v
507 2304 514 2358 Ι
548 2298 734 2356 τρόπων
765 2302 823 2346 H
958 2306 985 2345 4
1053 2301 1209 2344 υναικὶ
1247 2302 1336 2345 Μα
1374 2300 1456 2344 sed
1495 2300 1593 2344 αικὶ
1632 2299 1680 2342 in
1719 2313 1794 2344 ras

97 2361 168 2406 m⁸
228 2367 345 2418 γυνῆ
373 2359 424 2405 01
545 2365 570 2403 5
604 2359 628 2404 ὁ
662 2374 737 2404 om
759 2360 828 2404 Re
950 2365 975 2404 6
1010 2374 1158 2414 ωσπερ
1183 2377 1227 2404 τι
1259 2360 1423 2416 scripsi
1455 2373 1561 2403 cum
1584 2358 1794 2403 Iacobsio

98 2421 212 2465 Lech
244 2424 299 2464 96
362 2416 513 2475 ὥσπέρ
544 2436 588 2463 τι
619 2419 730 2463 libri
792 2418 942 2475 ὥσπερ
973 2420 1025 2465 τὸ
1058 2419 1148 2464 edd
1207 2438 1210 2442 ’
1272 2423 1297 2462 9
1331 2417 1392 2463 ἂν
1423 2422 1532 2462 ante
1564 2419 1645 2463 καὶ
1676 2419 1751 2463 La
1787 2419 1791 2477 Ι

0 2492 4 2512 2
100 2480 180 2525 καὶ
211 2479 295 2536 τὴν
325 2486 558 2536 τυχοῦσαν
592 2479 649 2522 Vi
680 2479 762 2523 sed
794 2479 913 2524 κατὰ
945 2479 1029 2536 τὴν
1060 2479 1203 2535 τύχην
1235 2478 1284 2522 in
1316 2493 1451 2536 marg
1481 2477 1551 2521 m²
1586 2481 1591 2534 Ι
1630 2481 1795 2523 δυστυ-

0 2572 9 2597 :‹
100 2547 276 2599 χοῦσαν
310 2552 335 2583 e
366 2538 500 2582 Wolf
528 2538 596 2582 Re
644 2528 652 2594 Ι
701 2538 938 2596 θαυμάζοι
970 2540 1018 2582 in
1058 2553 1191 2595 marg
1232 2537 1291 2582 V*
1373 2536 1606 2594 θαυμάζει
1638 2537 1744 2582 HV

99 2597 320 2655 θαυμάζῃ
360 2599 430 2642 Va
492 2612 567 2642 om
599 2598 702 2642 Mor
846 2603 899 2642 10
932 2597 1062 2642 ἰδίαν
1092 2598 1194 2641 Μοι·
1226 2598 1306 2641 sed
1339 2597 1524 2642 εἰδυῖαν
1557 2596 1662 2641 coni

102 2664 153 2702 11
189 2657 498 2714 διαπράξαιτο
527 2658 583 2701 Vi
614 2658 693 2701 sed
723 2672 806 2700 ατο
832 2671 1046 2714 suprascr
1069 2656 1139 2699 m²
1166 2659 1172 2712 1
1202 2655 1251 2701 ἐν
1283 2671 1358 2701 0111
1383 2657 1443 2700 Vi
1473 2656 1574 2700 Mor
1605 2655 1687 2699 sed
1718 2654 1795 2699 hic

98 2718 397 2762 inserendum
430 2716 535 2761 coni
657 2720 711 2760 13
742 2723 824 2760 τοῦ
858 2718 912 2761 H
921 2717 1036 2761 VVa
1162 2722 1215 2759 14
1247 2723 1329 2760 τοῦ
1360 2715 1412 2759 H
1421 2716 1490 2770 V}
1517 2713 1795 2769 προσφέρων

101 2778 176 2822 La
237 2777 393 2833 φέρων
418 2778 464 2821 Β
491 2778 497 2832 1
525 2778 586 2833 τῷ
619 2789 694 2819 om
718 2774 785 2820 Re
909 2782 962 2820 15
995 2775 1079 2830 τὴν
1112 2777 1221 2820 ante
1248 2772 1413 2830 τροίαν
1437 2775 1483 2819 Β
1511 2781 1515 2820 !
1545 2773 1703 2830 εἴληφε
1739 2775 1797 2818 Μ

1456 2830 1703 2889 κατείληφε

101 2894 203 2939 Mor
243 2895 250 2953 Ι
299 2894 520 2950 λαφύρων
547 2921 601 2926 -
627 2901 834 2949 τρωικῶν
867 2894 983 2938 citat
1014 2893 1131 2937 Plan
1163 2893 1229 2937 fol
1255 2897 1360 2938 1015r
1401 2895 1407 2949 1
1458 2890 1698 2948 μετείληφε
1738 2891 1796 2935 Vi

164 2951 395 3013 μετείληχε
428 2954 503 2998 La
535 2953 616 2997 sed
648 2970 683 3009 φ
716 2967 857 3010 supra
888 2970 914 3010 χ
943 2967 966 2998 s

1818 1094 1862 1125 10

1819 1538 1861 1572 15
