2026 3192
1054 652 1146 706 IV.

366 789 804 858 Πρεσβευτικὸς
836 789 978 857 πρὸς
1010 790 1147 849 τοὺς
1173 794 1373 858 Τρῶας
1407 788 1549 857 ὑπὲρ
1581 788 1944 855 τῆς-Ἑλένης

248 859 567 924 Ὀδυσσέως
626 867 850 928 quamvis
904 866 1156 914 nonnullis
1203 866 1416 913 maxime
1461 865 1727 927 placuerit,
1773 868 1942 914 tamen

252 941 402 1002 paulo
434 943 599 988 minus
638 941 795 988 lectus
828 942 877 987 et
907 941 1223 1001 paucioribus
1266 939 1513 989 codicibus
1550 940 1613 987 ad
1651 941 1778 988 hanc
1810 944 1942 988 aeta·-

251 1016 353 1062 tem
385 1017 691 1078 propagatus
725 1017 799 1062 est
832 1031 980 1075 quam
1015 1012 1358 1078 πρεσβευτικὸς
1391 1011 1637 1062 Μενέλεω.

364 1087 566 1137 Codices
601 1091 686 1151 qui
731 1091 992 1150 utramque
1040 1089 1449 1136 declamationem
1495 1090 1750 1136 continent
1791 1104 1943 1150 supra

252 1179 299 1224 p.
337 1164 441 1211 150
459 1179 529 1224 sq.
571 1163 661 1211 sub
701 1164 920 1210 numeris
957 1163 1134 1210 1—53
1175 1164 1413 1210 recensui.
1478 1161 1712 1223 Superest
1753 1165 1813 1210 ut
1849 1164 1942 1211 hoc

251 1237 359 1285 loco
385 1252 465 1285 eos
493 1253 774 1285 enumerem
798 1238 885 1298 qui
910 1237 1067 1284 solam
1083 1237 1244 1285 Ulixis
1270 1237 1681 1284 declamationem
1699 1236 1940 1284 exhibent.

254 1310 380 1359 Sunt
411 1313 576 1359 autem
607 1312 660 1358 hi
692 1311 969 1360 duodecim:

362 1385 435 1433 Ac
468 1381 837 1448 ‘corporalium'
874 1385 1073 1447 quidem
1103 1401 1305 1432 numero
1344 1384 1560 1432 habendi
1597 1387 1713 1432 sunt
1752 1385 1941 1433 codices

365 1461 447 1507 54.
502 1459 946 1507 Laurentianus
993 1458 1157 1506 LVII
1202 1461 1268 1506 27
1326 1474 1455 1506 anno
1514 1459 1654 1506 1392
1712 1461 1941 1506 exaratus

251 1533 334 1581 fol.
365 1536 432 1582 10
458 1536 545 1595 qui
575 1550 633 1582 ex
665 1534 835 1581 eodem
876 1549 971 1594 quo
998 1532 1256 1581 Ohisianus
1290 1533 1558 1594 exemplari
1588 1532 1745 1580 fluxit.
1814 1533 1941 1580 Vide

250 1610 284 1655 t.
310 1608 334 1654 I
366 1625 412 1670 p.
441 1609 506 1656 59
527 1625 596 1670 sq.
632 1610 681 1656 et
715 1610 798 1656 69.

365 1683 446 1730 55.
497 1682 1085 1749 Wolfenbuttelanus
1121 1682 1222 1728 511
1272 1696 1396 1729 saec.
1428 1681 1520 1727 XV
1551 1681 1635 1728 fol.
1665 1682 1758 1729 1οῩ
1798 1682 1883 1742 qui
1915 1696 1941 1728 e

161 1812 166 1817 ⁸
250 1748 587 1804 Laurentiano
635 1756 775 1803 LVII
817 1758 883 1803 27
935 1756 1205 1816 descriptus
1258 1758 1343 1803 est.
1407 1754 1532 1801 Vide
1579 1757 1614 1802 t.
1639 1755 1665 1801 Ι
1702 1771 1747 1816 p.
1782 1755 1849 1801 64
1869 1770 1939 1816 sq.

252 1828 478 1878 Contulit
512 1831 726 1879 Reiskia.

363 1903 552 1966 Corpus
583 1905 872 1952 mutilatum
905 1903 1135 1951 exhibent
1166 1903 1377 1951 codices:

164 1986 245 2026 211
366 1979 448 2026 56.
484 1977 816 2026 Chalcenus
848 1978 1176 2026 bibliothecae
1209 1984 1295 2041 τῆς
1328 1984 1484 2040 μονῆς
1523 1983 1609 2039 τῆς
1647 1973 1939 2024 Θεοτόκου

249 2052 394 2100 hodie
426 2055 479 2100 in
513 2054 681 2101 schola
713 2054 961 2115 emporica
991 2054 1239 2114 repositae
1277 2052 1379 2099 158
1422 2052 1708 2099 chartaceus
1751 2050 1940 2097 formae

251 2129 455 2175 octavae
487 2127 674 2175 saeculi
704 2126 797 2174 XV
831 2128 917 2188 qui
948 2127 1169 2174 continet
1765 2119 1767 2122 ’

359 2202 442 2248 fol.
481 2203 506 2248 1
544 2198 789 2249 ἐπιστολαὶ
821 2200 1077 2248 Βασιλείου
1110 2206 1195 2247 τοῦ
1229 2197 1439 2264 μεγάλου

363 2276 465 2322 102
501 2273 745 2323 ἐπιστολαὶ
776 2274 1023 2323 Συνεσίου
1063 2272 1338 2337 κυρηναίου
1382 2270 1738 2335 μητροπολίτου
1770 2273 1937 2319 πτολε-

247 2348 421 2411 μαίὸος

364 2424 468 2470 154
503 2421 847 2486 δημοσθένους
879 2419 1172 2471 ὀλυνθιακοὶ
1203 2419 1339 2485 λόγοι

366 2499 651 2545 170-263
686 2497 912 2561 λιβανίου
945 2501 1183 2558 σοφιστοῦ
1217 2491 1404 2558 μελέται
1434 2493 1565 2540 rubr.

364 2573 468 2618 170
493 2569 916 2636 πρεσβευτικὸς
948 2567 1092 2632 πρὸς
1124 2567 1263 2626 τοὺς
1295 2574 1480 2632 τρῶας
1513 2562 1656 2631 ὑπὲρ
1689 2573 1788 2629 τῆς
1816 2563 1936 2613 ἑλέ-

246 2662 353 2706 νης
387 2640 688 2702 ὀδυσσέως
721 2660 831 2692 cum
862 2643 1146 2706 protheoria

364 2719 465 2766 187
500 2715 790 2782 ἀφαιρεθεὶς
822 2715 1039 2781 ἆχιλλεὺς
1071 2722 1156 2779 τῆς
1190 2714 1445 2780 βρισηίδος
1477 2707 1572 2780 (80
1592 2706 1829 2777 Choricii)

362 2794 466 2840 202
501 2789 748 2856 ἀντιλογία
779 2786 896 2855 παρ’
933 2787 1158 2853 ἀχιλλέως
1191 2788 1313 2852 πρὸς
1354 2784 1562 2836 ὀδυσσέα
1604 2785 1934 2851 πρεσβεύοντα

246 2863 532 2914 ἀποθέσθαι
566 2864 655 2928 τὴν
687 2871 838 2929 μῆνιν
871 2857 992 2930 (47)

362 2941 466 2988 220
501 2938 737 2996 δύσκολος
771 2937 917 2987 λάλον
946 2935 1106 3002 γήμας
1136 2939 1350 3001 γυναῖκα
1382 2927 1540 3000 (134)
