2054 3192
528 146 756 191 LIBANH
786 145 1091 191 APOLOGIA
1123 144 1407 190 SOCRATIS
1755 147 1823 199 97

129 280 346 337 λέλυντ’
408 281 478 335 ἂν
533 283 590 335 αἱ
643 281 827 352 τέχναι
880 283 1117 351 μηδενὸς
1171 286 1483 350 τολμῶντος
1538 282 1825 335 διδάσκειν

136 370 222 426 ἐπὶ
262 377 337 443 τῷ
378 372 450 440 μὴ
490 380 669 434 κακῶς
705 377 926 424 παθεῖν.
966 369 1108 438 ἀλλ’,
1149 366 1325 438 οἶμαι,
1373 380 1487 433 τοῖς
1531 368 1631 440 μὲν
1671 372 1825 423 διδα-

130 460 356 523 σκάλοις
392 468 674 529 πανταχοῦ
713 460 871 529 χάρις
902 458 1199 530 ὀφείλεται,
1238 468 1350 511 τῶν
1382 463 1730 527 προσιόντων
1763 457 1823 513 δὲ

131 552 191 603 τὸ
231 550 304 618 μὴ
344 553 548 618 μαθεῖν
586 547 840 617 ἔγκλημα.
922 548 1041 601 144.
1081 547 1171 600 καὶ
1219 549 1330 616 μὴν
1376 550 1506 611 τούς
1554 568 1612 615 γε
1661 568 1825 617 νομο·

126 637 299 701 θέτας
344 637 512 691 οὐδὲν
557 637 747 708 ἕτερον
785 637 817 706 ἢ
866 637 1235 700 διδασκάλους
1281 638 1480 700 πάντες
1533 638 1822 705 ἄνθρωποι
1871 659 1890 691 5

127 730 450 796 νομίζουσιν
497 727 564 780 οὐ
612 735 740 796 μιᾶς
785 746 937 790 τινος
990 726 1205 794 ἡλικίας
1259 723 1391 779 οὐδὲ
1447 728 1654 789 ἔθνους
1702 726 1824 789 ἑνὸς

126 826 240 870 τῶν
280 815 341 869 ἐν
379 824 498 879 ταῖς
545 818 798 883 πόλεσιν,
853 812 970 869 ἀλλ’
1018 815 1220 882 ὁμοίως
1258 812 1360 884 μὲν
1407 814 1574 882 νέων,
1624 815 1825 884 ὁμοίως

128 903 190 959 δὲ
230 908 526 974 γερόντων,
566 903 645 958 ἔτι
685 902 745 958 δὲ
786 904 1010 974 ἀνδρῶν
1060 902 1151 957 καὶ
1191 914 1473 973 γυναικῶν
1512 903 1600 957 καὶ
1642 904 1825 958 ἀστῶν

125 993 219 1047 καὶ
259 993 431 1058 ξένων
469 992 558 1047 καὶ
600 995 820 1047 δούλων
866 992 957 1047 καὶ
1007 992 1333 1062 ἐλευθέρων.
1389 992 1475 1046 καὶ
1528 994 1620 1046 διὰ
1659 1002 1822 1047 τοῦτο

125 1093 335 1150 πρῶτοι
389 1092 654 1150 τιμῶνται
708 1083 840 1151 μετὰ
894 1084 1024 1145 τοὺς
1077 1083 1265 1149 θεούς,
1320 1083 1403 1135 ὅτι
1458 1081 1585 1150 παρ’
1640 1083 1822 1136 αὐτῶν
1849 1105 1891 1136 10

129 1173 523 1242 μεμαθήκαμεν
563 1172 597 1224 ἅ
635 1191 692 1224 τε
732 1172 818 1224 δεῖ
855 1181 1036 1224 ποιεῖν
1081 1164 1161 1224 ὧν
1199 1190 1257 1224 τε
1298 1170 1615 1240 ἀπέχεσθαι.
1662 1171 1825 1224 ἀκού-

125 1281 263 1330 ομεν
303 1261 365 1314 δὲ
404 1261 471 1314 οὐ
511 1268 683 1314 ταῦτα
721 1263 913 1329 μόνον,
953 1260 1092 1313 ἀλλὰ
1129 1258 1219 1313 καὶ
1254 1261 1465 1328 δωρεὰς
1495 1259 1584 1312 καὶ
1619 1263 1824 1330 ζημίας,

126 1346 208 1404 ὧν
247 1351 310 1403 αἱ
343 1347 444 1419 μὲν
490 1348 714 1403 ἕπονται
761 1359 878 1412 τοῖς
923 1349 1283 1417 ἀπειθοῦσιν,
1323 1349 1386 1401 αί
1427 1346 1487 1402 δὲ
1534 1352 1663 1411 τοὺς
1710 1347 1823 1403 ἐπι-

131 1448 296 1502 εικεῖς
333 1439 669 1508 ἀμείβονται.
710 1437 827 1492 ἀλλ’
875 1439 1021 1507 ὅμως
1067 1438 1202 1491 οὐδὲ
1242 1439 1456 1491 τούτων
1494 1437 1824 1508 ἀμφοτέρων

129 1528 348 1591 ἐλπίδες
386 1528 654 1596 ἀρκοῦσιν
694 1527 920 1591 ἐκκόψαι
954 1531 1240 1596 πονηρίαν.
1282 1525 1394 1580 ἀλλ’
1439 1528 1492 1580 οἱ
1531 1527 1632 1596 μὲν
1672 1527 1823 1580 ἀπει-
1849 1548 1890 1581 15

127 1622 341 1685 λοῦσιν,
370 1616 590 1679 Ἄνυτος
622 1614 682 1670 δὲ
714 1616 906 1670 ἀδικεῖ.
946 1617 1005 1669 oc
1032 1614 1134 1684 μὲν
1157 1614 1605 1684 ἐπαγγέλλονται,
1636 1615 1824 1686 Μέλη-

125 1727 219 1769 τος
253 1706 259 1777 Ι
295 1706 356 1760 δὲ
388 1706 488 1759 οὐκ
522 1706 785 1775 ἐπιθυμεῖ
814 1714 990 1775 τιμῆς,
1022 1704 1139 1758 ἀλλ’
1171 1706 1403 1774 αἱρεῖται
1429 1710 1640 1774 μισθοῦ
1718 1710 1908 1754 RH151

125 1799 338 1865 μᾶλλον
380 1805 756 1898 συκοφαντεῖν
795 1794 828 1863 ἢ
876 1805 987 1848 τῶν
1033 1803 1285 1864 χρηστῶν
1339 1792 1629 1863 νομισθεὶς
1681 1800 1821 1847 θαυ-

198 1945 271 2054 305
288 1940 480 2044 ⁷Plat
475 1955 603 1986 conv.
643 1956 688 1997 p.
722 1945 807 1984 209
833 1940 981 1996 Dsq
1031 1939 1168 1997 Gorg.
1207 1955 1252 1996 p.
1279 1940 1506 1996 514Esq.
1663 1943 1717 1984 18
1763 1938 1820 1983 cf.

125 2017 170 2058 P-

127 2134 232 2192 Rog
263 2133 355 2178 coll
386 2133 506 2177 t.1V
541 2138 612 2189 85,
631 2138 683 2177 11
720 2136 766 2178 eb
796 2133 860 2177 ῙΠ
884 2138 956 2189 26,
973 2138 999 2177 8
1061 2130 1349 2178 ›carew-vv?
1387 2151 1447 2177 αν
1477 2132 1526 2177 αἱ
1559 2135 1605 2178 Β
1637 2135 1684 2177 et
1717 2132 1822 2177 coni

125 2193 272 2238 Cobet
303 2195 350 2237 et
382 2192 560 2237 Geroke
591 2193 712 2237 Plat.
739 2192 877 2251 Gorg
903 2192 1117 2250 p.XLIX
1192 2209 1280 2237 κατ
1311 2191 1522 2237 λέλυνται
1555 2207 1661 2237 cum
1691 2205 1768 2235 ras
1796 2198 1818 2235 1

124 2253 205 2297 litt
245 2253 291 2298 U
343 2251 675 2296 καταλέλυνται
703 2252 874 2309 reliqui
903 2208 1015 2296 libri
1042 2252 1144 2296 Mor
1160 2251 1227 2296 Re

247 2317 273 2355 2
307 2311 366 2368 μὴ
400 2312 575 2355 inserui
607 2325 663 2355 ex
704 2312 867 2357 UVaB
929 2326 1006 2356 om
1040 2313 1224 2357 MaAth
1256 2311 1348 2356 edd
1383 2313 1388 2366 Ι
1431 2312 1540 2361 τοὺς
1570 2311 1654 2367 μὲν
1685 2312 1820 2355 διδα

125 2371 325 2423 σκαλους
356 2373 442 2416 Ma
476 2373 542 2427 (et
572 2370 679 2427 Par)
803 2376 827 2415 3
859 2378 1102 2430 πανταχοῦ
1129 2397 1184 2403 ——
1210 2375 1236 2414 5
1269 2369 1581 2422 διδασκάλους
1622 2383 1698 2414 om
1732 2371 1821 2414 Ma

127 2432 193 2487 (et
222 2430 328 2486 Par)
448 2435 476 2473 4
507 2430 568 2487 μὴ
599 2430 774 2474 inserui
806 2444 831 2475 e
862 2430 995 2475 libris
1036 2430 1307 2475 auctoribus
1346 2429 1556 2474 Iacobsio
1589 2429 1702 2473 Loct
1733 2433 1819 2472 202

126 2489 223 2534 Not
253 2494 310 2533 46
344 2488 527 2534 Sinteni
557 2489 732 2534 Cobeto
764 2503 870 2534 cum
901 2490 1006 2547 Rog
1081 2503 1156 2534 om
1188 2489 1289 2533 Mor
1304 2489 1371 2532 Re
1408 2489 1491 2544 qui
1522 2487 1667 2545 μηδεν
1698 2488 1820 2532 inse-

125 2548 323 2594 rendum
354 2549 459 2592 coni
595 2554 620 2593 9
661 2552 880 2594 διατοῦτο
914 2549 1050 2594 ΜαΒ
1189 2554 1241 2592 11
1283 2548 1313 2592 ἅ
1344 2563 1392 2592 τε
1426 2547 1593 2604 scripsi
1631 2550 1820 2592 auctore

126 2606 300 2652 Cobeto
364 2605 389 2652 ὅ
420 2624 464 2651 τι
495 2607 605 2651 libri
636 2608 728 2653 odd
851 2613 904 2652 12
938 2605 986 2652 δ’
1013 2608 1118 2665 Rog
1144 2610 1151 2664 Ι
1179 2608 1288 2652 ουδὲ
1316 2609 1405 2652 Ma
1528 2611 1582 2650 15
1607 2608 1655 2650 et
1682 2611 1735 2650 16
1762 2605 1812 2651 αἱ

125 2667 232 2724 Rog
269 2669 458 2711 auctore
497 2665 654 2711 Gasda
693 2669 743 2711 at
782 2667 1069 2725 cogitatione
1101 2680 1126 2710 e
1158 2667 1239 2711 lin.
1273 2671 1299 2709 4
1342 2666 1587 2723 repetendi
1634 2667 1743 2709 sunt
1774 2665 1820 2710 οἱ

127 2725 383 2782 νομοθέται
527 2730 581 2769 16
612 2723 799 2778 ’Ἄνυτος
835 2740 946 2771 voce
993 2726 1145 2771 denuo
1191 2725 1425 2782 incipiunt
1464 2725 1502 2769 C
1536 2724 1622 2782 (fol
1644 2726 1818 2781 336)A

127 2784 211 2841 (fol
242 2786 345 2841 229)
376 2785 426 2827 in
458 2798 549 2840 quo
573 2783 622 2828 ’Ἀ
655 2785 788 2829 deest
813 2789 819 2842 Ι
848 2785 893 2830 οἳ
924 2787 970 2830 Α
1003 2785 1104 2829 Mor
1137 2788 1143 2840 Ι
1171 2784 1255 2841 μὲν
1291 2784 1455 2841 scripsi
1479 2787 1667 2828 auctore
1691 2784 1759 2827 Re

125 2843 179 2888 δὲ
211 2844 304 2888 Ath
315 2844 401 2888 UB
461 2841 510 2888 δ’
535 2844 706 2900 reliqui
729 2843 839 2888 libri
864 2844 954 2889 edd
982 2847 987 2900 Ι
1015 2843 1193 2902 μέλιτος
1233 2845 1273 2889 U
1283 2844 1398 2888 VaB
1423 2843 1522 2887 sed
1537 2844 1587 2887 in
1610 2842 1698 2886 hoc
1722 2860 1738 2886 ι
1763 2856 1820 2887 ex

126 2919 154 2958 η
182 2916 295 2956 corr,
323 2902 390 2946 Re
442 2900 622 2954 Ἄνυτος
653 2903 754 2947 Mor
876 2908 929 2948 17
963 2900 1009 2947 δ’
1015 2861 1080 2948 μθ
1100 2904 1274 2947 AthVa
1305 2903 1372 2946 Re
1495 2900 1599 2946 18
1574 2919 1602 2958 η
1622 2905 1818 2945 -θαυ-

124 2964 369 3017 μασθῆναι
401 2975 475 3005 om
507 2962 596 3006 Ma
627 2963 693 3019 (et
723 2962 829 3019 Par)
858 2965 865 3019 Ι
893 2964 946 2991 **
976 2963 1083 3012 θεὶς
1114 2962 1215 3006 Mor
1240 2965 1247 3018 Ι
1276 2964 1611 3018 φαντασθῆναι
1645 2963 1690 3005 Β

215 3043 411 3076 Lnumus
437 3044 493 3076 ed.
518 3045 550 3076 F
560 3054 581 3076 o
591 3053 610 3076 e
621 3055 639 3076 r
648 3054 665 3076 s
674 3047 688 3076 t
698 3053 717 3076 e
728 3054 755 3076 r.
780 3045 824 3077 V.
1435 3039 1467 3103 ’ζ
