2026 3192
554 107 1002 154 'THEMISTOCLIS
1035 107 1370 153 ANTILOGIA
1704 108 1814 160 495

126 247 228 315 γὰρ
277 245 411 315 ὑμῖν
457 242 663 313 ἀγαθοὶ
710 245 924 312 παῖδες,
972 243 1111 297 ἀλλὰ
1155 243 1348 307 παῖδές
1393 264 1479 313 γε,
1526 241 1568 297 ὦ
1617 245 1816 314 ἄνδρες

126 335 389 388 δικασταί.
424 341 590 387 τοῦτο
623 332 688 386 δέ
717 332 831 389 ἐστι
863 334 1107 400 τοῦνομα
1140 341 1234 402 τῆς
1265 333 1331 386 οὐ
1363 334 1543 386 πάντα
1576 332 1815 402 ἀναμαρ-

124 426 291 492 τήτου
329 421 421 476 καὶ
460 425 646 492 πόρρω
685 421 937 491 μέμψεως
967 421 1194 490 ἡλικίας.
1236 423 1320 475 δεῖ
1352 423 1474 492 γάρ,
1514 416 1683 490 οἶμαι,
1718 423 1817 475 τὸν

125 513 225 581 οὐχ
296 512 745 583 ἁμαρτησόμενον
813 512 879 564 τὰ
947 510 1174 564 ἐκείνων
1240 511 1622 580 ὑπερπηδῆσαι
1692 531 1818 564 του-

124 603 248 654 τονί
290 619 428 666 πως,
485 603 537 654 εἰ
580 593 702 654 οἷόν
747 620 829 667 τε,
875 601 974 653 τὸν
1028 602 1231 670 χρόνον
1284 602 1372 653 καὶ
1418 598 1552 670 πρὶν
1602 597 1817 669 ἔφηβον
1864 619 1883 652 5

126 686 268 743 εἶναι
307 690 619 759 γηράσκειν.
682 689 767 742 21.
806 699 922 752 πῶς
953 685 1057 742 οὖν
1088 689 1243 758 ὑμεῖς
1275 687 1658 758 ἐπανορθοῦτε
1690 691 1819 751 τοὺς

123 780 286 844 υἱεῖςς
340 780 414 842 ὡς
459 778 694 849 πατέρας
741 780 897 841 είκός.
938 777 967 831 ὁ
1005 774 1108 845 μὲν
1146 779 1439 845 καθήψατο
1487 778 1748 847 ῥήμασιν,
1787 776 1816 830 ὁ

127 865 187 920 δὲ
236 864 377 938 εἶρξε
422 866 710 937 τραπέζης,
756 874 832 940 τῷ
881 864 942 920 δὲ
991 868 1114 936 ἱμὰς
1158 867 1416 939 ἤρκεσεν,
1463 866 1491 919 ὁ
1534 864 1580 918 δ’
1629 862 1698 918 αὖ
1751 866 1818 918 οὐ

125 955 580 1026 προσεφθέγξατο
627 958 831 1026 χρόνον
877 956 1014 1008 τινά.
1068 957 1246 1010 πολλὰ
1293 955 1364 1008 ἂν
1410 956 1682 1023 δυνηθείη
1730 956 1818 1007 καὶ

125 1043 338 1114 βλέμμα
385 1046 583 1114 ἄγριον
628 1043 719 1098 καὶ
765 1046 867 1114 βοὴ
922 1046 1128 1114 μεγάλη
1182 1044 1273 1098 καὶ
1327 1046 1388 1098 τὸ
1435 1053 1550 1106 τοῖς
1598 1044 1821 1106 οἰκείοις
1845 1064 1888 1097 10

127 1132 204 1187 ἐπ’
259 1133 433 1187 αὐτὸν
479 1140 719 1204 χρῆσθαι
768 1134 851 1197 δὶς
897 1134 988 1187 καὶ
1033 1135 1165 1205 τρίς.
1222 1133 1359 1188 ἀλλὰ
1406 1134 1491 1187 δεῖ
1535 1153 1686 1195 τινος
1730 1132 1821 1185 καὶ

125 1225 393 1292 μείζονος·
448 1223 750 1291 ἀπείλησον
796 1231 959 1276 τοῦτο
1000 1223 1029 1276 ὃ
1068 1223 1325 1277 πέπονθα
1372 1221 1503 1291 ἐγώ,
1542 1223 1644 1291 τὴν
1687 1221 1820 1275 ἀπο-
1855 1225 1857 1227 ’

125 1310 371 1382 κήρυξιν.
411 1312 546 1381 αὕτη
583 1312 590 1381 Ι
625 1310 686 1366 δὲ
720 1311 972 1382 μελλέτω.
1011 1311 1102 1366 καὶ
1134 1314 1239 1382 γὰρ
1273 1313 1306 1375 ὁΙ
1334 1314 1433 1366 τὸν
1463 1314 1640 1379 νόμον
1685 1315 1807 1368 RIV
1825 1318 1909 1358 395

127 1402 388 1464 τεθεικὼς
428 1403 581 1455 δοκεῖ
619 1421 712 1471 μοι
750 1410 865 1464 τοῖς
904 1403 1140 1472 πατράσι
1178 1403 1279 1470 τὴν
1319 1401 1550 1470 ἀπειλὴν
1588 1399 1823 1453 τεθεικέ-

127 1511 220 1544 ναι
260 1493 455 1559 μόνην,
497 1495 648 1560 εἴπερ
688 1485 759 1558 ἦν
792 1490 1046 1558 κηδεμὼν
1076 1498 1172 1559 τῆς
1203 1492 1428 1553 πόλεως.
1498 1490 1583 1542 22.
1623 1487 1821 1558 ἔπρεπε
1846 1507 1888 1541 15

130 1578 215 1647 δέ,
267 1575 443 1647 οἶμαι,
499 1579 776 1650 νομοθέτῃ
831 1599 893 1647 γε
940 1580 1076 1632 ὄντι.
1131 1580 1196 1632 οὐ
1251 1581 1358 1650 γὰρ
1404 1579 1594 1647 ἠγνόει
1643 1579 1823 1647 δήπου

129 1667 292 1722 τοῦθ’
336 1669 420 1722 ὅτι
458 1667 655 1722 πολλοὶ
694 1670 912 1738 χείρους
953 1671 1170 1722 ἔσονται
1205 1670 1464 1738 λαβόντες
1496 1667 1824 1736 ἐλευθερίαν

132 1757 270 1826 [καὶ]
303 1765 403 1811 τοῦ
435 1767 616 1811 ποιεῖν
648 1757 677 1810 ὅ
709 1777 761 1810 τι
794 1757 1006 1821 δόξειεν
1038 1758 1243 1826 αὐτοῖς,
1272 1763 1424 1828 εἴπερ
1458 1758 1661 1820 αὐτοὺς
1693 1753 1825 1810 οὐδὲ

130 1847 189 1899 τὸ
246 1849 341 1916 ζῆν
396 1847 506 1900 ὑπὸ
554 1856 668 1908 τοῖς
715 1846 989 1915 πατράσιν
1028 1852 1218 1917 ἴσχυσε
1256 1855 1561 1916 κατασχεῖν.
1615 1854 1826 1915 τροφῆς

131 1935 232 2004 μὲν
278 1936 382 2005 γὰρ
431 1932 661 2002 ἔμελλον
709 1935 1036 2004 εὐπορήσειν
1083 1936 1174 1988 καὶ
1220 1937 1461 1998 πολλοὺς
1507 1934 1647 1998 ἕξειν
1694 1937 1824 1997 τοὺς
1846 1953 1890 1985 20

253 2115 304 2153 11
340 2110 399 2154 cf.
432 2111 493 2153 ad
525 2112 557 2153 t.
582 2109 648 2154 III
679 2115 780 2166 254,
797 2116 838 2155 4.
870 2110 989 2155 Plat.
1022 2110 1221 2154 Phaedr.
1254 2126 1300 2167 p.
1327 2111 1470 2154 235A
1605 2116 1658 2154 13
1691 2110 1821 2153 Dem.

131 2185 175 2225 p.
205 2173 335 2224 1006,
356 2173 409 2212 19
429 2184 494 2225 sq.
528 2169 646 2213 Plat.
679 2170 770 2228 leg.
797 2170 859 2213 XI
889 2186 934 2227 p.
963 2174 1047 2214 928
1069 2171 1106 2212 D
1125 2185 1191 2226 sq.

255 2338 275 2374 1
312 2333 490 2389 ἀγαθοὶ
527 2334 709 2391 παῖδες]
752 2334 832 2376 καὶ
871 2334 1009 2377 κακοὶ
1050 2335 1214 2383 παῖδες
1255 2332 1327 2376 vel
1368 2333 1423 2376 οὐ
1462 2331 1607 2388 μόνον
1647 2333 1826 2390 ἀγαθοὶ

132 2395 313 2445 παῖδες,
346 2390 460 2435 ἀλλὰ
491 2392 573 2435 καὶ
603 2393 741 2436 κακοὶ
773 2392 877 2436 coni
909 2391 1065 2436 Gasda
1188 2397 1212 2435 2
1245 2392 1297 2436 τὸ
1332 2390 1479 2448 ὄνομα
1504 2393 1538 2435 Ι
1566 2395 1571 2448 Ι
1606 2391 1758 2449 πάντη
1794 2392 1832 2436 C

254 2455 279 2493 3
313 2450 367 2494 οὐ
401 2453 509 2494 ante
541 2449 699 2506 πόρρω
725 2454 756 2495 Ι
777 2454 785 2507 Ι
813 2452 901 2509 δεῖ]
937 2453 992 2495 οὐ
1019 2453 1049 2495 Ι
1073 2454 1079 2508 Ι
1109 2447 1254 2509 οἶμαι]
1289 2467 1343 2507 με
1376 2452 1421 2494 Β
1543 2457 1569 2495 4
1600 2459 1766 2496 τοῦτον
1794 2452 1830 2497 O

254 2515 279 2553 5
307 2506 404 2561 οἶός
427 2509 493 2553 Re
617 2515 640 2554 ‘1
666 2509 897 2566 πατράσιν
923 2511 995 2556 CI
1046 2509 1240 2566 πατέρες
1257 2511 1365 2554 Lau
1393 2514 1398 2566 Ι
1427 2510 1514 2567 γὰρ
1540 2513 1650 2555 ante
1674 2510 1827 2566 καθή-

133 2578 259 2625 ψατο
283 2570 315 2613 I
432 2573 458 2612 8
491 2566 611 2622 εἶρξε
635 2571 670 2614 Ι
690 2572 696 2627 Ι
725 2569 832 2626 ἱμὰς
863 2570 1027 2627 scripsi
1056 2584 1080 2614 e
1108 2571 1177 2614 CI
1231 2569 1353 2625 ἡμᾶς
1383 2570 1430 2613 in
1464 2569 1571 2627 ἱμὰς
1595 2584 1695 2614 corr
1718 2570 1827 2614 Lau

196 2627 304 2685 ἱμὰς
328 2628 418 2672 BL
452 2627 542 2671 edd
580 2631 587 2685 Ι
622 2628 646 2672 ὃ
680 2626 727 2672 δ’
764 2629 929 2685 scripsi
1006 2626 1112 2673 οὐδ’
1142 2630 1178 2674 Ο
1237 2626 1312 2673 ὅδ’
1346 2628 1517 2684 reliqui
1549 2628 1659 2673 libri
1691 2629 1781 2673 edd

137 2687 191 2731 οὐ
217 2701 291 2730 om
311 2687 349 2731 G
468 2692 519 2730 11
547 2688 697 2744 καὶ(1)
721 2688 846 2732 inser
863 2688 930 2733 122
991 2702 1063 2732 om
1085 2687 1308 2734 GBILau
1336 2691 1342 2743 Ι
1368 2705 1438 2739 τις
1456 2689 1494 2734 G
1548 2687 1619 2740 τίς
1642 2690 1827 2733 BILau

258 2750 311 2790 12
342 2746 488 2789 τούτω
516 2746 554 2790 G
577 2749 581 2802 Ι
609 2745 817 2791 πέπονθ’
851 2749 887 2792 Ο
1006 2752 1060 2791 13
1093 2746 1259 2802 μελέτω
1287 2747 1355 2791 01
1472 2752 1526 2791 16
1566 2746 1718 2802 δήπου
1751 2762 1826 2792 om

137 2806 181 2850 B
328 2810 380 2848 17
412 2811 548 2848 τοῦτο
574 2807 609 2850 Ι
745 2811 798 2850 18
831 2807 910 2850 καὶ
943 2806 1198 2850 cancellavi
1240 2808 1246 2863 Ι
1296 2814 1378 2850 τοῦ
1411 2806 1575 2863 scripsi
1635 2807 1686 2851 τὸ
1718 2806 1827 2850 libri

139 2865 229 2908 edd
271 2866 278 2919 Ι
323 2864 432 2908 οὐδὲ
464 2864 516 2907 τὸ
548 2867 631 2921 ζῆν
655 2866 697 2908 L
730 2866 811 2908 sed
842 2866 894 2910 τὸ
927 2870 1008 2921 ζῆν
1040 2865 1090 2908 in
1121 2880 1194 2909 ras
1226 2865 1297 2909 m'
1358 2865 1468 2910 οὐδὲ
1507 2869 1587 2922 ζῆν
1613 2866 1658 2909 Β
1719 2863 1822 2910 οὐδ’

139 2923 247 2979 ἐξῆν
274 2923 312 2967 C
340 2923 422 2966 sed
453 2921 514 2973 ὥς
545 2923 588 2980 γ’
627 2924 732 2980 ἐξῆν
764 2925 813 2967 in
843 2938 990 2981 marg,
1023 2926 1161 2968 ILau
1282 2928 1337 2967 20
1370 2923 1623 2979 ἀπορήσειν
1650 2925 1689 2969 C
