<?xml version="1.0" encoding="UTF-8"?>
<!DOCTYPE html PUBLIC "-//W3C//DTD XHTML 1.0 Transitional//EN"
    "http://www.w3.org/TR/xhtml1/DTD/xhtml1-transitional.dtd">
<html xmlns="http://www.w3.org/1999/xhtml" xml:lang="en" lang="en">
 <head>
  <title>
</title>
<meta http-equiv="Content-Type" content="text/html;charset=utf-8" />
  <meta name='ocr-system' content='tesseract 3.04.00' />
  <meta name='ocr-capabilities' content='ocr_page ocr_carea ocr_par ocr_line ocrx_word'/>
</head>
<body>
  <div class='ocr_page' id='page_1' title='image "./operarecensuitri05libauoft/operarecensuitri05libauoft_0465.png"; bbox 0 0 2026 3192; ppageno 0'>
   <div class='ocr_carea' id='block_1_1' title="bbox 734 132 1832 185">
    <p class='ocr_par' dir='ltr' id='par_1_1' title="bbox 734 132 1832 185">
     <span class='ocr_line' id='line_1_1' title="bbox 734 132 1832 185; baseline 0.001 -9"><span class='ocrx_word' id='word_1_1' title='bbox 734 132 985 177; x_wconf 84' lang='lat' dir='ltr'><strong>NEOCLIS</strong></span> <span class='ocrx_word' id='word_1_2' title='bbox 1020 132 1245 176; x_wconf 81' lang='lat' dir='ltr'><strong>ORATIO</strong></span> <span class='ocrx_word' id='word_1_3' title='bbox 1723 133 1832 185; x_wconf 81' lang='lat'><strong>455</strong></span> 
     </span>
    </p>
   </div>
   <div class='ocr_carea' id='block_1_2' title="bbox 138 267 1835 1007">
    <p class='ocr_par' dir='ltr' id='par_1_2' title="bbox 138 267 1834 413">
     <span class='ocr_line' id='line_1_2' title="bbox 140 267 1834 339; baseline -0.001 -17"><span class='ocrx_word' id='word_1_4' title='bbox 140 267 200 323; x_wconf 81' lang='grc' dir='ltr'><strong>οὗ</strong></span> <span class='ocrx_word' id='word_1_5' title='bbox 224 272 281 321; x_wconf 82' lang='grc' dir='ltr'><strong>τὰ</strong></span> <span class='ocrx_word' id='word_1_6' title='bbox 306 270 502 339; x_wconf 82' lang='grc' dir='ltr'><strong><em>μέγιστα</em></strong></span> <span class='ocrx_word' id='word_1_7' title='bbox 528 272 839 338; x_wconf 81' lang='grc' dir='ltr'><em>σφαιροειδεῖ</em></span> <span class='ocrx_word' id='word_1_8' title='bbox 853 271 1102 337; x_wconf 86' lang='grc' dir='ltr'><strong><em>παρέδωκε</em></strong></span> <span class='ocrx_word' id='word_1_9' title='bbox 1128 289 1167 321; x_wconf 85' lang='lat' dir='ltr'><strong>o.</strong></span> <span class='ocrx_word' id='word_1_10' title='bbox 1186 274 1255 320; x_wconf 85' lang='lat'><strong>48</strong></span> <span class='ocrx_word' id='word_1_11' title='bbox 1281 290 1328 335; x_wconf 88' lang='lat' dir='ltr'><strong>p.</strong></span> <span class='ocrx_word' id='word_1_12' title='bbox 1358 275 1477 335; x_wconf 89' lang='lat'>104,</span> <span class='ocrx_word' id='word_1_13' title='bbox 1498 275 1527 321; x_wconf 88' lang='lat'>5</span> <span class='ocrx_word' id='word_1_14' title='bbox 1555 274 1627 322; x_wconf 90' lang='lat' dir='ltr'><strong>ed.</strong></span> <span class='ocrx_word' id='word_1_15' title='bbox 1646 273 1834 321; x_wconf 91' lang='lat' dir='ltr'><strong>Mehler</strong></span> 
     </span>
     <span class='ocr_line' id='line_1_3' title="bbox 138 341 1735 413; baseline -0.003 -17"><span class='ocrx_word' id='word_1_16' title='bbox 138 364 295 410; x_wconf 89' lang='lat' dir='ltr'><strong>usque</strong></span> <span class='ocrx_word' id='word_1_17' title='bbox 328 348 391 395; x_wconf 85' lang='lat' dir='ltr'><strong>ad</strong></span> <span class='ocrx_word' id='word_1_18' title='bbox 422 347 612 405; x_wconf 84' lang='grc' dir='ltr'><strong><em>τούτοις</em></strong></span> <span class='ocrx_word' id='word_1_19' title='bbox 642 345 920 411; x_wconf 81' lang='grc' dir='ltr'><strong><em>ε’ξανάγκης</em></strong></span> <span class='ocrx_word' id='word_1_20' title='bbox 943 351 1264 411; x_wconf 84' lang='grc' dir='ltr'><strong><em>συγκαταινεῖ</em></strong></span> <span class='ocrx_word' id='word_1_21' title='bbox 1286 342 1366 413; x_wconf 89' lang='lat'><strong>(=</strong></span> <span class='ocrx_word' id='word_1_22' title='bbox 1392 364 1437 409; x_wconf 88' lang='lat' dir='ltr'><strong>p.</strong></span> <span class='ocrx_word' id='word_1_23' title='bbox 1468 349 1588 408; x_wconf 84' lang='lat'>152,</span> <span class='ocrx_word' id='word_1_24' title='bbox 1610 341 1735 413; x_wconf 84' lang='lat' dir='ltr'>l).¹)</span> 
     </span>
    </p>

    <p class='ocr_par' dir='ltr' id='par_1_3' title="bbox 138 421 1835 1007">
     <span class='ocr_line' id='line_1_4' title="bbox 251 421 1834 484; baseline 0 -16"><span class='ocrx_word' id='word_1_25' title='bbox 251 422 363 469; x_wconf 88' lang='lat' dir='ltr'><strong>VH.</strong></span> <span class='ocrx_word' id='word_1_26' title='bbox 413 422 651 483; x_wconf 75' lang='lat' dir='ltr'>Sequitur</span> <span class='ocrx_word' id='word_1_27' title='bbox 695 422 1028 484; x_wconf 78' lang='lat' dir='ltr'><strong>fragmentum</strong></span> <span class='ocrx_word' id='word_1_28' title='bbox 1077 422 1260 470; x_wconf 83' lang='lat' dir='ltr'><strong>codicis</strong></span> <span class='ocrx_word' id='word_1_29' title='bbox 1301 421 1401 469; x_wconf 88' lang='lat' dir='ltr'><strong>alia</strong></span> <span class='ocrx_word' id='word_1_30' title='bbox 1447 438 1596 469; x_wconf 85' lang='lat' dir='ltr'><strong>manu</strong></span> <span class='ocrx_word' id='word_1_31' title='bbox 1644 421 1834 470; x_wconf 85' lang='lat' dir='ltr'><strong>exarati</strong></span> 
     </span>
     <span class='ocr_line' id='line_1_5' title="bbox 143 489 1833 561; baseline -0.001 -18"><span class='ocrx_word' id='word_1_32' title='bbox 143 496 591 544; x_wconf 87' lang='lat' dir='ltr'><strong>Demosthenioi</strong></span> <span class='ocrx_word' id='word_1_33' title='bbox 618 495 749 557; x_wconf 88' lang='lat' dir='ltr'><strong>quod</strong></span> <span class='ocrx_word' id='word_1_34' title='bbox 774 496 1179 557; x_wconf 85' lang='lat' dir='ltr'><strong>comprehensum</strong></span> <span class='ocrx_word' id='word_1_35' title='bbox 1195 496 1329 544; x_wconf 90' lang='lat' dir='ltr'><strong>foliis</strong></span> <span class='ocrx_word' id='word_1_36' title='bbox 1350 489 1692 561; x_wconf 80' lang='lat'>1332)—169</span> <span class='ocrx_word' id='word_1_37' title='bbox 1720 512 1833 543; x_wconf 85' lang='lat' dir='ltr'><strong>oon-</strong></span> 
     </span>
     <span class='ocr_line' id='line_1_6' title="bbox 145 563 1834 636; baseline 0 -19"><span class='ocrx_word' id='word_1_38' title='bbox 145 571 275 618; x_wconf 86' lang='lat' dir='ltr'><strong>tinet</strong></span> <span class='ocrx_word' id='word_1_39' title='bbox 305 571 587 632; x_wconf 73' lang='lat' dir='ltr'><strong>praemissis</strong></span> <span class='ocrx_word' id='word_1_40' title='bbox 629 569 984 631; x_wconf 75' lang='lat' dir='ltr'><strong>hypothesibus</strong></span> <span class='ocrx_word' id='word_1_41' title='bbox 1016 569 1216 617; x_wconf 86' lang='lat' dir='ltr'><strong>Libanii</strong></span> <span class='ocrx_word' id='word_1_42' title='bbox 1247 563 1356 636; x_wconf 89' lang='lat' dir='ltr'><strong>(fol.</strong></span> <span class='ocrx_word' id='word_1_43' title='bbox 1385 572 1511 618; x_wconf 81' lang='lat' dir='ltr'><strong>133r</strong></span> <span class='ocrx_word' id='word_1_44' title='bbox 1540 570 1640 618; x_wconf 86' lang='lat' dir='ltr'><strong>Ino.</strong></span> <span class='ocrx_word' id='word_1_45' title='bbox 1662 566 1834 619; x_wconf 88' lang='grc' dir='ltr'><strong><em>Ὄλυν-</em></strong></span> 
     </span>
     <span class='ocr_line' id='line_1_7' title="bbox 139 636 1835 708; baseline 0 -16"><span class='ocrx_word' id='word_1_46' title='bbox 139 648 236 703; x_wconf 83' lang='grc' dir='ltr'><strong>θος</strong></span> <span class='ocrx_word' id='word_1_47' title='bbox 282 636 346 707; x_wconf 76' lang='grc' dir='ltr'><strong><em>ἦν</em></strong></span> <span class='ocrx_word' id='word_1_48' title='bbox 391 643 532 702; x_wconf 81' lang='grc' dir='ltr'><strong><em>πόλις</em></strong></span> <span class='ocrx_word' id='word_1_49' title='bbox 579 659 735 706; x_wconf 91' lang='lat' dir='ltr'><strong>usque</strong></span> <span class='ocrx_word' id='word_1_50' title='bbox 782 644 846 690; x_wconf 87' lang='lat' dir='ltr'><strong>ad</strong></span> <span class='ocrx_word' id='word_1_51' title='bbox 899 641 1191 706; x_wconf 79' lang='grc' dir='ltr'><strong><em>ὑπείληπται</em></strong></span> <span class='ocrx_word' id='word_1_52' title='bbox 1237 643 1508 708; x_wconf 81' lang='grc' dir='ltr'><strong><em>θρασύνων</em></strong></span> <span class='ocrx_word' id='word_1_53' title='bbox 1555 639 1631 692; x_wconf 82' lang='grc' dir='ltr'><strong>ἐπ’</strong></span> <span class='ocrx_word' id='word_1_54' title='bbox 1684 642 1835 692; x_wconf 81' lang='grc' dir='ltr'><strong><em>αὐτὸν</em></strong></span> 
     </span>
     <span class='ocr_line' id='line_1_8' title="bbox 138 714 1834 783; baseline -0.001 -16"><span class='ocrx_word' id='word_1_55' title='bbox 138 736 186 781; x_wconf 89' lang='lat' dir='ltr'><strong>p.</strong></span> <span class='ocrx_word' id='word_1_56' title='bbox 205 719 290 780; x_wconf 89' lang='lat'><strong>6,1</strong></span> <span class='ocrx_word' id='word_1_57' title='bbox 317 746 371 750; x_wconf 87' lang='lat'>—</span> <span class='ocrx_word' id='word_1_58' title='bbox 391 720 482 780; x_wconf 84' lang='lat'><strong>8,4</strong></span> <span class='ocrx_word' id='word_1_59' title='bbox 500 719 564 781; x_wconf 70' lang='grc' dir='ltr'><strong>Β,</strong></span> <span class='ocrx_word' id='word_1_60' title='bbox 596 718 682 766; x_wconf 89' lang='lat' dir='ltr'><strong>fol.</strong></span> <span class='ocrx_word' id='word_1_61' title='bbox 708 720 777 765; x_wconf 87' lang='grc'><strong>44</strong></span> <span class='ocrx_word' id='word_1_62' title='bbox 803 716 1045 776; x_wconf 82' lang='grc' dir='ltr'><strong><em>ὑπόθεσις</em></strong></span> <span class='ocrx_word' id='word_1_63' title='bbox 1074 714 1383 767; x_wconf 85' lang='grc' dir='ltr'><strong><em>ὄλυνθιακοῢ</em></strong></span> <span class='ocrx_word' id='word_1_64' title='bbox 1410 716 1640 782; x_wconf 80' lang='grc' dir='ltr'><strong><em>δευτέρου</em></strong></span> <span class='ocrx_word' id='word_1_65' title='bbox 1665 717 1834 783; x_wconf 67' lang='grc' dir='ltr'><strong><em>λόγους</em></strong></span> 
     </span>
     <span class='ocr_line' id='line_1_9' title="bbox 138 788 1834 857; baseline -0.001 -16"><span class='ocrx_word' id='word_1_66' title='bbox 138 792 364 857; x_wconf 89' lang='grc' dir='ltr'><strong><em>λιβανίου</em></strong></span> <span class='ocrx_word' id='word_1_67' title='bbox 396 809 444 854; x_wconf 89' lang='lat' dir='ltr'><strong>p.</strong></span> <span class='ocrx_word' id='word_1_68' title='bbox 474 795 539 840; x_wconf 88' lang='lat'><strong>17</strong></span> <span class='ocrx_word' id='word_1_69' title='bbox 558 793 623 854; x_wconf 73' lang='lat' dir='ltr'><strong>R,</strong></span> <span class='ocrx_word' id='word_1_70' title='bbox 654 793 739 840; x_wconf 82' lang='lat' dir='ltr'><strong>fol.</strong></span> <span class='ocrx_word' id='word_1_71' title='bbox 768 793 870 840; x_wconf 85' lang='lat'><strong>155</strong></span> <span class='ocrx_word' id='word_1_72' title='bbox 903 788 1210 840; x_wconf 85' lang='grc' dir='ltr'><strong><em>ὀλυνθιακοῦ</em></strong></span> <span class='ocrx_word' id='word_1_73' title='bbox 1234 791 1475 850; x_wconf 79' lang='grc' dir='ltr'><strong><em>ὑπόθεσις</em></strong></span> <span class='ocrx_word' id='word_1_74' title='bbox 1498 792 1662 857; x_wconf 84' lang='grc' dir='ltr'><strong><em>τρίτου</em></strong></span> <span class='ocrx_word' id='word_1_75' title='bbox 1687 792 1834 855; x_wconf 80' lang='grc' dir='ltr'><strong><em>λόγου</em></strong></span> 
     </span>
     <span class='ocr_line' id='line_1_10' title="bbox 139 860 1835 932; baseline -0.001 -16"><span class='ocrx_word' id='word_1_76' title='bbox 139 883 185 929; x_wconf 89' lang='lat' dir='ltr'><strong>p.</strong></span> <span class='ocrx_word' id='word_1_77' title='bbox 213 860 306 932; x_wconf 84' lang='lat'><strong>27)</strong></span> <span class='ocrx_word' id='word_1_78' title='bbox 341 868 587 915; x_wconf 88' lang='lat' dir='ltr'><strong>orationes</strong></span> <span class='ocrx_word' id='word_1_79' title='bbox 618 869 719 915; x_wconf 90' lang='lat' dir='ltr'><strong>tres</strong></span> <span class='ocrx_word' id='word_1_80' title='bbox 745 864 1082 928; x_wconf 84' lang='lat' dir='ltr'><strong>Olynthiaeas‚</strong></span> <span class='ocrx_word' id='word_1_81' title='bbox 1116 883 1327 929; x_wconf 88' lang='lat' dir='ltr'><strong>quarum</strong></span> <span class='ocrx_word' id='word_1_82' title='bbox 1361 868 1515 914; x_wconf 89' lang='lat' dir='ltr'><strong>tertia</strong></span> <span class='ocrx_word' id='word_1_83' title='bbox 1546 868 1668 914; x_wconf 90' lang='lat' dir='ltr'><strong>folio</strong></span> <span class='ocrx_word' id='word_1_84' title='bbox 1704 867 1835 915; x_wconf 67' lang='lat'><strong>169*</strong></span> 
     </span>
     <span class='ocr_line' id='line_1_11' title="bbox 138 935 1440 1007; baseline -0.001 -17"><span class='ocrx_word' id='word_1_85' title='bbox 138 942 192 990; x_wconf 85' lang='lat' dir='ltr'><strong>in</strong></span> <span class='ocrx_word' id='word_1_86' title='bbox 222 941 376 989; x_wconf 84' lang='lat' dir='ltr'><strong>verba</strong></span> <span class='ocrx_word' id='word_1_87' title='bbox 408 941 591 990; x_wconf 84' lang='lat' dir='ltr'><strong>desinit</strong></span> <span class='ocrx_word' id='word_1_88' title='bbox 622 935 763 989; x_wconf 86' lang='grc' dir='ltr'><strong><em>εἶπον</em></strong></span> <span class='ocrx_word' id='word_1_89' title='bbox 797 937 863 1000; x_wconf 79' lang='grc' dir='ltr'><strong>ὡς</strong></span> <span class='ocrx_word' id='word_1_90' title='bbox 895 940 977 988; x_wconf 84' lang='grc' dir='ltr'><strong>δεῖ</strong></span> <span class='ocrx_word' id='word_1_91' title='bbox 1005 938 1165 1004; x_wconf 83' lang='grc' dir='ltr'><strong><em>νέμειν</em></strong></span> <span class='ocrx_word' id='word_1_92' title='bbox 1198 935 1310 1007; x_wconf 83' lang='grc'>(38,</span> <span class='ocrx_word' id='word_1_93' title='bbox 1332 935 1440 1007; x_wconf 86' lang='grc'><strong>19).</strong></span> 
     </span>
    </p>
   </div>
   <div class='ocr_carea' id='block_1_3' title="bbox 171 1014 1908 1079">
    <p class='ocr_par' dir='ltr' id='par_1_4' title="bbox 171 1014 1908 1079">
     <span class='ocr_line' id='line_1_12' title="bbox 171 1014 1908 1079; baseline -0.001 -17"><span class='ocrx_word' id='word_1_94' title='bbox 171 1041 173 1044; x_wconf 86' lang='grc'><em>·</em></span> <span class='ocrx_word' id='word_1_95' title='bbox 252 1015 387 1062; x_wconf 88' lang='lat' dir='ltr'><strong>VIII.</strong></span> <span class='ocrx_word' id='word_1_96' title='bbox 422 1014 660 1077; x_wconf 84' lang='lat' dir='ltr'><strong>Sequitur</strong></span> <span class='ocrx_word' id='word_1_97' title='bbox 700 1016 799 1063; x_wconf 88' lang='lat' dir='ltr'><strong>alia</strong></span> <span class='ocrx_word' id='word_1_98' title='bbox 838 1031 991 1062; x_wconf 85' lang='lat' dir='ltr'><strong>manu</strong></span> <span class='ocrx_word' id='word_1_99' title='bbox 1028 1018 1287 1063; x_wconf 89' lang='lat' dir='ltr'><strong>exaratum</strong></span> <span class='ocrx_word' id='word_1_100' title='bbox 1326 1016 1661 1079; x_wconf 77' lang='lat' dir='ltr'><strong>fragmentum</strong></span> <span class='ocrx_word' id='word_1_101' title='bbox 1699 1015 1801 1062; x_wconf 89' lang='lat' dir='ltr'><strong>rhe</strong></span> <span class='ocrx_word' id='word_1_102' title='bbox 1818 1035 1853 1047; x_wconf 60' lang='grc'><strong>-’</strong></span> <span class='ocrx_word' id='word_1_103' title='bbox 1906 1030 1908 1035; x_wconf 70' lang='grc'>’</span> 
     </span>
    </p>
   </div>
   <div class='ocr_carea' id='block_1_4' title="bbox 138 1088 1838 2639">
    <p class='ocr_par' dir='ltr' id='par_1_5' title="bbox 138 1088 1836 1377">
     <span class='ocr_line' id='line_1_13' title="bbox 138 1088 1834 1152; baseline -0.001 -14"><span class='ocrx_word' id='word_1_104' title='bbox 138 1088 372 1138; x_wconf 75' lang='lat' dir='ltr'><strong>torieae</strong></span> <span class='ocrx_word' id='word_1_105' title='bbox 406 1089 538 1151; x_wconf 88' lang='lat' dir='ltr'><strong>quod</strong></span> <span class='ocrx_word' id='word_1_106' title='bbox 563 1090 968 1151; x_wconf 85' lang='lat' dir='ltr'><strong>comprehensum</strong></span> <span class='ocrx_word' id='word_1_107' title='bbox 992 1089 1127 1137; x_wconf 86' lang='lat' dir='ltr'><strong>foliis</strong></span> <span class='ocrx_word' id='word_1_108' title='bbox 1155 1091 1445 1138; x_wconf 88' lang='lat'>170——177</span> <span class='ocrx_word' id='word_1_109' title='bbox 1472 1089 1650 1152; x_wconf 81' lang='lat' dir='ltr'><strong>incipit</strong></span> <span class='ocrx_word' id='word_1_110' title='bbox 1672 1089 1834 1137; x_wconf 90' lang='lat' dir='ltr'><strong>verbis</strong></span> 
     </span>
     <span class='ocr_line' id='line_1_14' title="bbox 143 1160 1835 1229; baseline -0.001 -17"><span class='ocrx_word' id='word_1_111' title='bbox 143 1163 211 1212; x_wconf 83' lang='grc' dir='ltr'><strong>Οἱ</strong></span> <span class='ocrx_word' id='word_1_112' title='bbox 237 1169 324 1227; x_wconf 80' lang='grc' dir='ltr'><strong>τῆς</strong></span> <span class='ocrx_word' id='word_1_113' title='bbox 355 1163 616 1229; x_wconf 77' lang='grc' dir='ltr'><strong><em>ῥητορικῆς</em></strong></span> <span class='ocrx_word' id='word_1_114' title='bbox 646 1161 816 1228; x_wconf 83' lang='grc' dir='ltr'><strong><em>τέχνης</em></strong></span> <span class='ocrx_word' id='word_1_115' title='bbox 847 1161 1092 1228; x_wconf 81' lang='grc' dir='ltr'><strong><em>ἐξηγηταί,</em></strong></span> <span class='ocrx_word' id='word_1_116' title='bbox 1136 1161 1255 1228; x_wconf 88' lang='grc' dir='ltr'><strong><em>πρὶν</em></strong></span> <span class='ocrx_word' id='word_1_117' title='bbox 1285 1163 1519 1225; x_wconf 72' lang='grc' dir='ltr'><strong><em>ἅψασθαι</em></strong></span> <span class='ocrx_word' id='word_1_118' title='bbox 1558 1170 1645 1212; x_wconf 88' lang='grc' dir='ltr'><strong>τοῦ</strong></span> <span class='ocrx_word' id='word_1_119' title='bbox 1677 1160 1835 1226; x_wconf 84' lang='grc' dir='ltr'><strong><em>κειμέ-</em></strong></span> 
     </span>
     <span class='ocr_line' id='line_1_15' title="bbox 139 1232 1836 1304; baseline -0.001 -18"><span class='ocrx_word' id='word_1_120' title='bbox 139 1255 233 1286; x_wconf 89' lang='grc' dir='ltr'><strong>νου</strong></span> <span class='ocrx_word' id='word_1_121' title='bbox 273 1238 475 1301; x_wconf 83' lang='grc' dir='ltr'><strong><em>ζητοῦσί</em></strong></span> <span class='ocrx_word' id='word_1_122' title='bbox 507 1256 617 1286; x_wconf 90' lang='grc' dir='ltr'><strong><em>τινα</em></strong></span> <span class='ocrx_word' id='word_1_123' title='bbox 658 1237 902 1300; x_wconf 79' lang='grc' dir='ltr'><strong><em>κεφάλαια</em></strong></span> <span class='ocrx_word' id='word_1_124' title='bbox 913 1232 956 1304; x_wconf 78' lang='lat'><strong>3)</strong></span> <span class='ocrx_word' id='word_1_125' title='bbox 994 1240 1042 1286; x_wconf 88' lang='lat' dir='ltr'><strong>et</strong></span> <span class='ocrx_word' id='word_1_126' title='bbox 1074 1238 1255 1286; x_wconf 85' lang='lat' dir='ltr'><strong>desinit</strong></span> <span class='ocrx_word' id='word_1_127' title='bbox 1286 1238 1449 1286; x_wconf 87' lang='lat' dir='ltr'><strong>verbis</strong></span> <span class='ocrx_word' id='word_1_128' title='bbox 1482 1233 1508 1285; x_wconf 83' lang='grc' dir='ltr'>ὃ</span> <span class='ocrx_word' id='word_1_129' title='bbox 1541 1235 1724 1302; x_wconf 85' lang='grc' dir='ltr'><strong><em>λέγεται</em></strong></span> <span class='ocrx_word' id='word_1_130' title='bbox 1754 1235 1836 1285; x_wconf 81' lang='grc' dir='ltr'><strong>καὶ</strong></span> 
     </span>
     <span class='ocr_line' id='line_1_16' title="bbox 140 1310 490 1377; baseline -0.003 -17"><span class='ocrx_word' id='word_1_131' title='bbox 140 1310 490 1377; x_wconf 85' lang='grc' dir='ltr'><strong><em>δημηγορικόν.</em></strong></span> 
     </span>
    </p>

    <p class='ocr_par' dir='ltr' id='par_1_6' title="bbox 138 1386 1836 1972">
     <span class='ocr_line' id='line_1_17' title="bbox 252 1386 1835 1449; baseline 0.001 -16"><span class='ocrx_word' id='word_1_132' title='bbox 252 1386 334 1435; x_wconf 89' lang='grc' dir='ltr'><strong>ΙΧ.</strong></span> <span class='ocrx_word' id='word_1_133' title='bbox 382 1386 621 1448; x_wconf 87' lang='lat' dir='ltr'><strong>Sequitur</strong></span> <span class='ocrx_word' id='word_1_134' title='bbox 673 1387 1010 1449; x_wconf 80' lang='lat' dir='ltr'><strong>fragmentum</strong></span> <span class='ocrx_word' id='word_1_135' title='bbox 1064 1387 1164 1434; x_wconf 90' lang='lat' dir='ltr'><strong>alia</strong></span> <span class='ocrx_word' id='word_1_136' title='bbox 1218 1402 1369 1433; x_wconf 87' lang='lat' dir='ltr'><strong>manu</strong></span> <span class='ocrx_word' id='word_1_137' title='bbox 1416 1388 1607 1434; x_wconf 86' lang='lat' dir='ltr'><strong>exarati</strong></span> <span class='ocrx_word' id='word_1_138' title='bbox 1653 1386 1835 1435; x_wconf 81' lang='lat' dir='ltr'><strong>codicis</strong></span> 
     </span>
     <span class='ocr_line' id='line_1_18' title="bbox 139 1460 1834 1523; baseline 0.001 -16"><span class='ocrx_word' id='word_1_139' title='bbox 139 1460 593 1508; x_wconf 83' lang='lat' dir='ltr'><strong>Demosthenioi</strong></span> <span class='ocrx_word' id='word_1_140' title='bbox 626 1460 758 1522; x_wconf 89' lang='lat' dir='ltr'><strong>quod</strong></span> <span class='ocrx_word' id='word_1_141' title='bbox 791 1461 1194 1523; x_wconf 83' lang='lat' dir='ltr'><strong>comprehensum</strong></span> <span class='ocrx_word' id='word_1_142' title='bbox 1227 1461 1361 1509; x_wconf 86' lang='lat' dir='ltr'><strong>foliis</strong></span> <span class='ocrx_word' id='word_1_143' title='bbox 1398 1461 1687 1508; x_wconf 83' lang='lat'>178———193</span> <span class='ocrx_word' id='word_1_144' title='bbox 1723 1476 1834 1508; x_wconf 83' lang='lat' dir='ltr'><strong>oon-</strong></span> 
     </span>
     <span class='ocr_line' id='line_1_19' title="bbox 138 1531 1835 1598; baseline 0 -16"><span class='ocrx_word' id='word_1_145' title='bbox 138 1535 267 1583; x_wconf 90' lang='lat' dir='ltr'><strong>tinet</strong></span> <span class='ocrx_word' id='word_1_146' title='bbox 314 1534 590 1583; x_wconf 87' lang='lat' dir='ltr'><strong>orationem</strong></span> <span class='ocrx_word' id='word_1_147' title='bbox 627 1534 959 1598; x_wconf 84' lang='lat' dir='ltr'><strong>Philippicam</strong></span> <span class='ocrx_word' id='word_1_148' title='bbox 997 1537 1212 1597; x_wconf 75' lang='lat' dir='ltr'><strong>prim3,m</strong></span> <span class='ocrx_word' id='word_1_149' title='bbox 1250 1534 1366 1583; x_wconf 90' lang='lat' dir='ltr'><strong>inde</strong></span> <span class='ocrx_word' id='word_1_150' title='bbox 1405 1551 1434 1582; x_wconf 89' lang='lat' dir='ltr'><strong>a</strong></span> <span class='ocrx_word' id='word_1_151' title='bbox 1473 1534 1636 1583; x_wconf 85' lang='lat' dir='ltr'><strong>verbis</strong></span> <span class='ocrx_word' id='word_1_152' title='bbox 1677 1533 1742 1597; x_wconf 79' lang='grc' dir='ltr'><strong>μὴ</strong></span> <span class='ocrx_word' id='word_1_153' title='bbox 1784 1531 1835 1582; x_wconf 81' lang='grc' dir='ltr'><strong>δὲ</strong></span> 
     </span>
     <span class='ocr_line' id='line_1_20' title="bbox 140 1606 1834 1673; baseline 0 -17"><span class='ocrx_word' id='word_1_154' title='bbox 140 1607 432 1673; x_wconf 80' lang='grc' dir='ltr'><strong><em>δισμυρίους</em></strong></span> <span class='ocrx_word' id='word_1_155' title='bbox 464 1606 635 1668; x_wconf 81' lang='grc' dir='ltr'><strong><em>ξένους</em></strong></span> <span class='ocrx_word' id='word_1_156' title='bbox 658 1626 705 1672; x_wconf 88' lang='grc' dir='ltr'><strong>Ρ.</strong></span> <span class='ocrx_word' id='word_1_157' title='bbox 732 1611 817 1672; x_wconf 89' lang='grc'><strong>45,</strong></span> <span class='ocrx_word' id='word_1_158' title='bbox 839 1612 903 1657; x_wconf 85' lang='grc'><strong>12</strong></span> <span class='ocrx_word' id='word_1_159' title='bbox 931 1625 1088 1671; x_wconf 91' lang='lat' dir='ltr'><strong>usque</strong></span> <span class='ocrx_word' id='word_1_160' title='bbox 1114 1609 1178 1657; x_wconf 87' lang='lat' dir='ltr'><strong>ad</strong></span> <span class='ocrx_word' id='word_1_161' title='bbox 1200 1610 1348 1657; x_wconf 91' lang='lat' dir='ltr'><strong>finem</strong></span> <span class='ocrx_word' id='word_1_162' title='bbox 1374 1626 1421 1671; x_wconf 89' lang='lat' dir='ltr'><strong>p.</strong></span> <span class='ocrx_word' id='word_1_163' title='bbox 1450 1611 1579 1670; x_wconf 83' lang='lat'>55,6</span> <span class='ocrx_word' id='word_1_164' title='bbox 1608 1611 1657 1657; x_wconf 90' lang='lat' dir='ltr'><strong>et</strong></span> <span class='ocrx_word' id='word_1_165' title='bbox 1681 1609 1834 1671; x_wconf 77' lang='lat' dir='ltr'><strong>hypo-</strong></span> 
     </span>
     <span class='ocr_line' id='line_1_21' title="bbox 139 1677 1836 1750; baseline 0.001 -20"><span class='ocrx_word' id='word_1_166' title='bbox 139 1683 306 1732; x_wconf 85' lang='lat' dir='ltr'><strong>thesin</strong></span> <span class='ocrx_word' id='word_1_167' title='bbox 345 1683 585 1731; x_wconf 87' lang='lat' dir='ltr'><strong>orationis</strong></span> <span class='ocrx_word' id='word_1_168' title='bbox 635 1681 745 1748; x_wconf 84' lang='grc' dir='ltr'><strong><em>περὶ</em></strong></span> <span class='ocrx_word' id='word_1_169' title='bbox 775 1682 977 1748; x_wconf 82' lang='grc' dir='ltr'><strong><em>εἰρήνης</em></strong></span> <span class='ocrx_word' id='word_1_170' title='bbox 1025 1677 1131 1750; x_wconf 87' lang='lat' dir='ltr'><strong>(fol.</strong></span> <span class='ocrx_word' id='word_1_171' title='bbox 1171 1687 1271 1732; x_wconf 89' lang='lat'><strong>191</strong></span> <span class='ocrx_word' id='word_1_172' title='bbox 1316 1681 1558 1742; x_wconf 77' lang='grc' dir='ltr'><strong><em>ὑπόθεσις</em></strong></span> <span class='ocrx_word' id='word_1_173' title='bbox 1596 1689 1682 1731; x_wconf 85' lang='grc' dir='ltr'><strong>τοῦ</strong></span> <span class='ocrx_word' id='word_1_174' title='bbox 1726 1681 1836 1747; x_wconf 85' lang='grc' dir='ltr'><strong><em>περὶ</em></strong></span> 
     </span>
     <span class='ocr_line' id='line_1_22' title="bbox 140 1755 1835 1822; baseline 0 -17"><span class='ocrx_word' id='word_1_175' title='bbox 140 1755 342 1822; x_wconf 83' lang='grc' dir='ltr'><strong><em>εἰρήνης</em></strong></span> <span class='ocrx_word' id='word_1_176' title='bbox 381 1756 548 1822; x_wconf 82' lang='grc' dir='ltr'><strong><em>λόγου·</em></strong></span> <span class='ocrx_word' id='word_1_177' title='bbox 589 1758 886 1821; x_wconf 84' lang='grc' dir='ltr'><strong><em>προθεωρία.</em></strong></span> <span class='ocrx_word' id='word_1_178' title='bbox 949 1758 1050 1806; x_wconf 83' lang='lat' dir='ltr'><strong>Ine.</strong></span> <span class='ocrx_word' id='word_1_179' title='bbox 1084 1755 1463 1821; x_wconf 84' lang='grc' dir='ltr'><strong><em>Μηκυνομένου</em></strong></span> <span class='ocrx_word' id='word_1_180' title='bbox 1501 1764 1588 1805; x_wconf 83' lang='grc' dir='ltr'><strong>τοῦ</strong></span> <span class='ocrx_word' id='word_1_181' title='bbox 1620 1755 1835 1820; x_wconf 82' lang='grc' dir='ltr'><strong><em>πολέμου</em></strong></span> 
     </span>
     <span class='ocr_line' id='line_1_23' title="bbox 141 1825 1836 1898; baseline 0 -19"><span class='ocrx_word' id='word_1_182' title='bbox 141 1838 228 1879; x_wconf 83' lang='grc' dir='ltr'><strong>τοῦ</strong></span> <span class='ocrx_word' id='word_1_183' title='bbox 256 1829 369 1896; x_wconf 86' lang='grc' dir='ltr'><strong><em>περὶ</em></strong></span> <span class='ocrx_word' id='word_1_184' title='bbox 401 1829 718 1894; x_wconf 81' lang='grc' dir='ltr'><strong><em>ἆμφιπόλεως</em></strong></span> <span class='ocrx_word' id='word_1_185' title='bbox 752 1825 831 1897; x_wconf 87' lang='lat'><strong>(=</strong></span> <span class='ocrx_word' id='word_1_186' title='bbox 857 1850 903 1894; x_wconf 89' lang='grc' dir='ltr'><strong>Ρ.</strong></span> <span class='ocrx_word' id='word_1_187' title='bbox 933 1833 999 1879; x_wconf 87' lang='grc'><strong>55</strong></span> <span class='ocrx_word' id='word_1_188' title='bbox 1020 1826 1102 1898; x_wconf 88' lang='lat' dir='ltr'><strong>R)</strong></span> <span class='ocrx_word' id='word_1_189' title='bbox 1155 1833 1258 1880; x_wconf 88' lang='lat' dir='ltr'><strong>Fol.</strong></span> <span class='ocrx_word' id='word_1_190' title='bbox 1297 1833 1428 1880; x_wconf 87' lang='lat'><strong>193</strong></span> <span class='ocrx_word' id='word_1_191' title='bbox 1459 1831 1643 1880; x_wconf 85' lang='lat' dir='ltr'><strong>desinit</strong></span> <span class='ocrx_word' id='word_1_192' title='bbox 1674 1832 1836 1879; x_wconf 87' lang='lat' dir='ltr'><strong>verbis</strong></span> 
     </span>
     <span class='ocr_line' id='line_1_24' title="bbox 141 1900 943 1972; baseline 0.003 -20"><span class='ocrx_word' id='word_1_193' title='bbox 141 1906 466 1968; x_wconf 86' lang='grc' dir='ltr'><strong><em>παραβαίνειν</em></strong></span> <span class='ocrx_word' id='word_1_194' title='bbox 495 1905 714 1970; x_wconf 84' lang='grc' dir='ltr'><strong><em>ειρήνην.</em></strong></span> <span class='ocrx_word' id='word_1_195' title='bbox 756 1904 821 1968; x_wconf 81' lang='grc' dir='ltr'><strong>μὴ</strong></span> <span class='ocrx_word' id='word_1_196' title='bbox 852 1900 943 1972; x_wconf 83' lang='grc' dir='ltr'><strong>δὲ).</strong></span> 
     </span>
    </p>

    <p class='ocr_par' dir='ltr' id='par_1_7' title="bbox 142 1979 1838 2413">
     <span class='ocr_line' id='line_1_25' title="bbox 251 1979 1836 2042; baseline 0.001 -15"><span class='ocrx_word' id='word_1_197' title='bbox 251 1979 310 2027; x_wconf 90' lang='lat' dir='ltr'><strong>X.</strong></span> <span class='ocrx_word' id='word_1_198' title='bbox 344 1979 635 2042; x_wconf 87' lang='lat' dir='ltr'><strong>Sequuntur</strong></span> <span class='ocrx_word' id='word_1_199' title='bbox 656 1981 740 2028; x_wconf 89' lang='lat' dir='ltr'><strong>fol.</strong></span> <span class='ocrx_word' id='word_1_200' title='bbox 769 1982 1054 2030; x_wconf 81' lang='lat'>194—201</span> <span class='ocrx_word' id='word_1_201' title='bbox 1099 1981 1200 2028; x_wconf 87' lang='lat' dir='ltr'><strong>alia</strong></span> <span class='ocrx_word' id='word_1_202' title='bbox 1230 1996 1383 2028; x_wconf 87' lang='lat' dir='ltr'><strong>manu</strong></span> <span class='ocrx_word' id='word_1_203' title='bbox 1414 1983 1645 2028; x_wconf 83' lang='lat' dir='ltr'><strong>exaratae</strong></span> <span class='ocrx_word' id='word_1_204' title='bbox 1669 1980 1836 2028; x_wconf 86' lang='lat' dir='ltr'><strong>decem</strong></span> 
     </span>
     <span class='ocr_line' id='line_1_26' title="bbox 142 2051 1836 2124; baseline 0.001 -23"><span class='ocrx_word' id='word_1_205' title='bbox 142 2052 385 2101; x_wconf 81' lang='lat' dir='ltr'><strong>Libanii</strong></span> <span class='ocrx_word' id='word_1_206' title='bbox 417 2054 725 2115; x_wconf 88' lang='lat' dir='ltr'><strong>epistulae</strong></span> <span class='ocrx_word' id='word_1_207' title='bbox 765 2070 976 2117; x_wconf 85' lang='lat' dir='ltr'><strong>quarum</strong></span> <span class='ocrx_word' id='word_1_208' title='bbox 1007 2055 1170 2116; x_wconf 88' lang='lat' dir='ltr'><strong>prima</strong></span> <span class='ocrx_word' id='word_1_209' title='bbox 1202 2052 1469 2124; x_wconf 79' lang='grc' dir='ltr'><strong><em>Μοδὲστῳ</em></strong></span> <span class='ocrx_word' id='word_1_210' title='bbox 1513 2053 1582 2102; x_wconf 85' lang='grc' dir='ltr'><strong>Εἰ</strong></span> <span class='ocrx_word' id='word_1_211' title='bbox 1611 2051 1720 2116; x_wconf 85' lang='grc' dir='ltr'><strong><em>περὶ</em></strong></span> <span class='ocrx_word' id='word_1_212' title='bbox 1750 2051 1836 2113; x_wconf 80' lang='grc' dir='ltr'><strong>τὰς</strong></span> 
     </span>
     <span class='ocr_line' id='line_1_27' title="bbox 142 2106 1837 2197; baseline 0.001 -22"><span class='ocrx_word' id='word_1_213' title='bbox 142 2134 240 2176; x_wconf 85' lang='grc' dir='ltr'><strong><em>τῶν</em></strong></span> <span class='ocrx_word' id='word_1_214' title='bbox 272 2127 498 2176; x_wconf 83' lang='grc' dir='ltr'><strong><em>δυνατῶν</em></strong></span> <span class='ocrx_word' id='word_1_215' title='bbox 521 2122 698 2195; x_wconf 80' lang='lat'>(532),</span> <span class='ocrx_word' id='word_1_216' title='bbox 731 2129 946 2178; x_wconf 81' lang='lat' dir='ltr'><strong>secunda</strong></span> <span class='ocrx_word' id='word_1_217' title='bbox 971 2126 1237 2197; x_wconf 79' lang='grc' dir='ltr'><strong><em>Μοδέστῳ·</em></strong></span> <span class='ocrx_word' id='word_1_218' title='bbox 1260 2106 1435 2177; x_wconf 79' lang='grc' dir='ltr'><strong><em>Ἄκουε</em></strong></span> <span class='ocrx_word' id='word_1_219' title='bbox 1473 2126 1536 2190; x_wconf 82' lang='grc' dir='ltr'><strong>δὴ</strong></span> <span class='ocrx_word' id='word_1_220' title='bbox 1568 2126 1650 2175; x_wconf 83' lang='grc' dir='ltr'><strong>καὶ</strong></span> <span class='ocrx_word' id='word_1_221' title='bbox 1674 2125 1837 2193; x_wconf 79' lang='grc' dir='ltr'><strong><em>ἕτερον</em></strong></span> 
     </span>
     <span class='ocr_line' id='line_1_28' title="bbox 143 2195 1838 2268; baseline -0.001 -18"><span class='ocrx_word' id='word_1_222' title='bbox 143 2195 324 2268; x_wconf 83' lang='lat'>(197),</span> <span class='ocrx_word' id='word_1_223' title='bbox 363 2202 542 2251; x_wconf 88' lang='lat' dir='ltr'><strong>ultima</strong></span> <span class='ocrx_word' id='word_1_224' title='bbox 580 2203 922 2267; x_wconf 87' lang='lat' dir='ltr'><strong>anepigrapha</strong></span> <span class='ocrx_word' id='word_1_225' title='bbox 961 2201 1029 2250; x_wconf 85' lang='grc' dir='ltr'><strong>Εἰ</strong></span> <span class='ocrx_word' id='word_1_226' title='bbox 1066 2200 1119 2252; x_wconf 82' lang='grc' dir='ltr'><strong>δὲ</strong></span> <span class='ocrx_word' id='word_1_227' title='bbox 1151 2203 1326 2261; x_wconf 90' lang='grc' dir='ltr'><strong><em>Μίδας</em></strong></span> <span class='ocrx_word' id='word_1_228' title='bbox 1368 2221 1432 2265; x_wconf 90' lang='grc' dir='ltr'><strong><em>ην</em></strong></span> <span class='ocrx_word' id='word_1_229' title='bbox 1464 2195 1622 2268; x_wconf 85' lang='lat'>(758)</span> <span class='ocrx_word' id='word_1_230' title='bbox 1655 2202 1838 2250; x_wconf 82' lang='lat' dir='ltr'><strong>desinit</strong></span> 
     </span>
     <span class='ocr_line' id='line_1_29' title="bbox 142 2273 1837 2341; baseline 0.001 -19"><span class='ocrx_word' id='word_1_231' title='bbox 142 2277 195 2323; x_wconf 88' lang='lat' dir='ltr'><strong>in</strong></span> <span class='ocrx_word' id='word_1_232' title='bbox 234 2276 354 2323; x_wconf 89' lang='lat' dir='ltr'><strong>folio</strong></span> <span class='ocrx_word' id='word_1_233' title='bbox 390 2278 523 2324; x_wconf 75' lang='lat' dir='ltr'><strong>291V</strong></span> <span class='ocrx_word' id='word_1_234' title='bbox 560 2277 722 2325; x_wconf 86' lang='lat' dir='ltr'><strong>verbis</strong></span> <span class='ocrx_word' id='word_1_235' title='bbox 764 2276 1026 2339; x_wconf 84' lang='grc' dir='ltr'><strong><em>δεήσονταί</em></strong></span> <span class='ocrx_word' id='word_1_236' title='bbox 1062 2291 1178 2339; x_wconf 80' lang='grc' dir='ltr'><strong>σου,</strong></span> <span class='ocrx_word' id='word_1_237' title='bbox 1223 2280 1446 2341; x_wconf 83' lang='grc' dir='ltr'><strong><em>ληροῦσι</em></strong></span> <span class='ocrx_word' id='word_1_238' title='bbox 1495 2275 1576 2324; x_wconf 83' lang='grc' dir='ltr'><strong>καὶ</strong></span> <span class='ocrx_word' id='word_1_239' title='bbox 1617 2273 1682 2334; x_wconf 83' lang='grc' dir='ltr'><strong>ὡς</strong></span> <span class='ocrx_word' id='word_1_240' title='bbox 1726 2291 1837 2324; x_wconf 83' lang='lat' dir='ltr'><strong>cum</strong></span> 
     </span>
     <span class='ocr_line' id='line_1_30' title="bbox 143 2351 765 2413; baseline 0.002 -16"><span class='ocrx_word' id='word_1_241' title='bbox 143 2351 320 2413; x_wconf 85' lang='lat' dir='ltr'><strong>glossis</strong></span> <span class='ocrx_word' id='word_1_242' title='bbox 350 2351 765 2399; x_wconf 84' lang='lat' dir='ltr'><strong>interlinearibus.</strong></span> 
     </span>
    </p>

    <p class='ocr_par' dir='ltr' id='par_1_8' title="bbox 142 2422 1836 2639">
     <span class='ocr_line' id='line_1_31' title="bbox 255 2422 1836 2487; baseline 0.001 -17"><span class='ocrx_word' id='word_1_243' title='bbox 255 2424 339 2471; x_wconf 92' lang='lat' dir='ltr'><strong>XI.</strong></span> <span class='ocrx_word' id='word_1_244' title='bbox 373 2424 658 2487; x_wconf 86' lang='lat' dir='ltr'><strong>Sequuntur</strong></span> <span class='ocrx_word' id='word_1_245' title='bbox 687 2425 772 2473; x_wconf 90' lang='lat' dir='ltr'><strong>fol.</strong></span> <span class='ocrx_word' id='word_1_246' title='bbox 815 2427 1105 2473; x_wconf 85' lang='lat'>202—239</span> <span class='ocrx_word' id='word_1_247' title='bbox 1140 2425 1384 2473; x_wconf 84' lang='lat' dir='ltr'><strong>Matthaei</strong></span> <span class='ocrx_word' id='word_1_248' title='bbox 1433 2423 1746 2472; x_wconf 86' lang='lat' dir='ltr'><strong>Camariotae</strong></span> <span class='ocrx_word' id='word_1_249' title='bbox 1778 2422 1836 2472; x_wconf 82' lang='grc' dir='ltr'><strong>τὰ</strong></span> 
     </span>
     <span class='ocr_line' id='line_1_32' title="bbox 143 2493 1835 2564; baseline 0 -19"><span class='ocrx_word' id='word_1_250' title='bbox 143 2497 561 2563; x_wconf 75' lang='grc' dir='ltr'><strong><em>προγυμνάσματα</em></strong></span> <span class='ocrx_word' id='word_1_251' title='bbox 579 2505 663 2561; x_wconf 82' lang='grc' dir='ltr'><strong>τῆς</strong></span> <span class='ocrx_word' id='word_1_252' title='bbox 679 2498 956 2564; x_wconf 75' lang='grc' dir='ltr'><strong><em>ῥητορικῆς.</em></strong></span> <span class='ocrx_word' id='word_1_253' title='bbox 967 2493 1221 2563; x_wconf 70' lang='grc' dir='ltr'><strong><em>Ιῃο.“Ορος</em></strong></span> <span class='ocrx_word' id='word_1_254' title='bbox 1237 2497 1693 2564; x_wconf 80' lang='grc' dir='ltr'><strong><em>προγυμνάσματος.</em></strong></span> <span class='ocrx_word' id='word_1_255' title='bbox 1706 2499 1835 2563; x_wconf 90' lang='grc' dir='ltr'><strong><em>Προ-</em></strong></span> 
     </span>
     <span class='ocr_line' id='line_1_33' title="bbox 142 2565 1836 2639; baseline 0 -20"><span class='ocrx_word' id='word_1_256' title='bbox 142 2570 406 2636; x_wconf 79' lang='grc' dir='ltr'><strong><em>γύμνασμά</em></strong></span> <span class='ocrx_word' id='word_1_257' title='bbox 437 2570 569 2619; x_wconf 80' lang='grc' dir='ltr'><strong><em>ἐστιν</em></strong></span> <span class='ocrx_word' id='word_1_258' title='bbox 599 2569 804 2635; x_wconf 76' lang='grc' dir='ltr'><strong><em>ἄσκησις</em></strong></span> <span class='ocrx_word' id='word_1_259' title='bbox 833 2572 1040 2637; x_wconf 85' lang='grc' dir='ltr'><strong><em>μετρίων</em></strong></span> <span class='ocrx_word' id='word_1_260' title='bbox 1065 2566 1230 2639; x_wconf 86' lang='lat' dir='ltr'><strong>(Rhet.</strong></span> <span class='ocrx_word' id='word_1_261' title='bbox 1251 2589 1321 2635; x_wconf 86' lang='lat' dir='ltr'><strong>gr.</strong></span> <span class='ocrx_word' id='word_1_262' title='bbox 1340 2573 1413 2621; x_wconf 84' lang='lat' dir='ltr'><strong>ed.</strong></span> <span class='ocrx_word' id='word_1_263' title='bbox 1432 2571 1574 2620; x_wconf 89' lang='lat' dir='ltr'><strong>Walz</strong></span> <span class='ocrx_word' id='word_1_264' title='bbox 1590 2573 1616 2619; x_wconf 89' lang='grc' dir='ltr'>Ι</span> <span class='ocrx_word' id='word_1_265' title='bbox 1636 2565 1836 2638; x_wconf 77' lang='lat'>121)4).</span> 
     </span>
    </p>
   </div>
   <div class='ocr_carea' id='block_1_5' title="bbox 144 2683 1839 3004">
    <p class='ocr_par' dir='ltr' id='par_1_9' title="bbox 144 2683 1839 3004">
     <span class='ocr_line' id='line_1_34' title="bbox 219 2683 1839 2768; baseline 0 -13"><span class='ocrx_word' id='word_1_266' title='bbox 219 2683 221 2685; x_wconf 13' lang='grc' dir='ltr'><strong><em>ι</em></strong></span> <span class='ocrx_word' id='word_1_267' title='bbox 266 2715 308 2768; x_wconf 92' lang='grc'><strong>1)</strong></span> <span class='ocrx_word' id='word_1_268' title='bbox 342 2711 496 2757; x_wconf 86' lang='lat' dir='ltr'><strong>Codex</strong></span> <span class='ocrx_word' id='word_1_269' title='bbox 513 2712 771 2757; x_wconf 82' lang='lat' dir='ltr'><strong>Vaticanus</strong></span> <span class='ocrx_word' id='word_1_270' title='bbox 790 2718 872 2756; x_wconf 63' lang='lat'><strong>811</strong></span> <span class='ocrx_word' id='word_1_271' title='bbox 901 2714 1066 2757; x_wconf 88' lang='lat' dir='ltr'><strong>eodem</strong></span> <span class='ocrx_word' id='word_1_272' title='bbox 1090 2712 1317 2757; x_wconf 87' lang='lat' dir='ltr'><strong>vocabulo</strong></span> <span class='ocrx_word' id='word_1_273' title='bbox 1343 2713 1530 2760; x_wconf 81' lang='lat' dir='ltr'><strong>desinit.</strong></span> <span class='ocrx_word' id='word_1_274' title='bbox 1566 2712 1634 2756; x_wconf 84' lang='lat' dir='ltr'><strong>Cf.</strong></span> <span class='ocrx_word' id='word_1_275' title='bbox 1659 2711 1839 2756; x_wconf 87' lang='lat' dir='ltr'><strong>Mehler</strong></span> 
     </span>
     <span class='ocr_line' id='line_1_35' title="bbox 144 2771 1234 2886; baseline 0.002 -14"><span class='ocrx_word' id='word_1_276' title='bbox 144 2786 190 2826; x_wconf 42' lang='lat' dir='ltr'><strong>p·</strong></span> <span class='ocrx_word' id='word_1_277' title='bbox 224 2771 308 2886; x_wconf 57' lang='grc' dir='ltr'><strong>νέξ)</strong></span> <span class='ocrx_word' id='word_1_278' title='bbox 340 2830 522 2874; x_wconf 80' lang='lat' dir='ltr'><strong>Folium</strong></span> <span class='ocrx_word' id='word_1_279' title='bbox 556 2836 640 2874; x_wconf 79' lang='lat'><strong>132</strong></span> <span class='ocrx_word' id='word_1_280' title='bbox 673 2845 873 2874; x_wconf 84' lang='lat' dir='ltr'><strong>vacuum</strong></span> <span class='ocrx_word' id='word_1_281' title='bbox 904 2833 976 2875; x_wconf 89' lang='lat' dir='ltr'><strong>est</strong></span> <span class='ocrx_word' id='word_1_282' title='bbox 1006 2830 1234 2875; x_wconf 86' lang='lat' dir='ltr'><strong>relictum.</strong></span> 
     </span>
     <span class='ocr_line' id='line_1_36' title="bbox 201 2889 1836 2947; baseline 0.001 -15"><span class='ocrx_word' id='word_1_283' title='bbox 201 2923 205 2926; x_wconf 90' lang='lat'><strong>.</strong></span> <span class='ocrx_word' id='word_1_284' title='bbox 265 2891 309 2944; x_wconf 84' lang='lat'><strong>3)</strong></span> <span class='ocrx_word' id='word_1_285' title='bbox 341 2889 407 2933; x_wconf 83' lang='lat' dir='ltr'><strong>cf.</strong></span> <span class='ocrx_word' id='word_1_286' title='bbox 440 2889 642 2933; x_wconf 85' lang='lat' dir='ltr'><strong>Theonis</strong></span> <span class='ocrx_word' id='word_1_287' title='bbox 674 2892 1090 2947; x_wconf 81' lang='lat' dir='ltr'><strong>progymnasmata</strong></span> <span class='ocrx_word' id='word_1_288' title='bbox 1122 2889 1193 2933; x_wconf 87' lang='lat' dir='ltr'><strong>ed.</strong></span> <span class='ocrx_word' id='word_1_289' title='bbox 1218 2890 1353 2933; x_wconf 86' lang='lat' dir='ltr'><strong>Walz</strong></span> <span class='ocrx_word' id='word_1_290' title='bbox 1380 2890 1516 2933; x_wconf 85' lang='lat' dir='ltr'><strong>Rhet.</strong></span> <span class='ocrx_word' id='word_1_291' title='bbox 1543 2905 1611 2947; x_wconf 88' lang='lat' dir='ltr'><strong>gr.</strong></span> <span class='ocrx_word' id='word_1_292' title='bbox 1628 2890 1649 2932; x_wconf 95' lang='lat' dir='ltr'><strong>I</strong></span> <span class='ocrx_word' id='word_1_293' title='bbox 1667 2894 1751 2933; x_wconf 85' lang='lat'><strong>145</strong></span> <span class='ocrx_word' id='word_1_294' title='bbox 1769 2905 1836 2945; x_wconf 84' lang='lat' dir='ltr'><strong>sq.</strong></span> 
     </span>
     <span class='ocr_line' id='line_1_37' title="bbox 266 2947 783 3004; baseline 0.004 -14"><span class='ocrx_word' id='word_1_295' title='bbox 266 2950 308 3003; x_wconf 84' lang='lat'><strong>4)</strong></span> <span class='ocrx_word' id='word_1_296' title='bbox 343 2947 408 2991; x_wconf 84' lang='lat' dir='ltr'><strong>Cf.</strong></span> <span class='ocrx_word' id='word_1_297' title='bbox 442 2964 582 3004; x_wconf 81' lang='lat' dir='ltr'><strong>supra</strong></span> <span class='ocrx_word' id='word_1_298' title='bbox 612 2964 657 3004; x_wconf 90' lang='lat' dir='ltr'><strong>p.</strong></span> <span class='ocrx_word' id='word_1_299' title='bbox 686 2954 783 2992; x_wconf 84' lang='lat'><strong>164.</strong></span> 
     </span>
    </p>
   </div>
  </div>
 </body>
</html>
