<?xml version="1.0" encoding="UTF-8"?>
<!DOCTYPE html PUBLIC "-//W3C//DTD XHTML 1.0 Transitional//EN"
    "http://www.w3.org/TR/xhtml1/DTD/xhtml1-transitional.dtd">
<html xmlns="http://www.w3.org/1999/xhtml" xml:lang="en" lang="en">
 <head>
  <title>
</title>
<meta http-equiv="Content-Type" content="text/html;charset=utf-8" />
  <meta name='ocr-system' content='tesseract 3.04.00' />
  <meta name='ocr-capabilities' content='ocr_page ocr_carea ocr_par ocr_line ocrx_word'/>
</head>
<body>
  <div class='ocr_page' id='page_1' title='image "./operarecensuitri05libauoft_0521.png"; bbox 0 0 2026 3192; ppageno 0'>
   <div class='ocr_carea' id='block_1_1' title="bbox 191 590 1719 780">
    <p class='ocr_par' dir='ltr' id='par_1_1' title="bbox 191 590 1719 780">
     <span class='ocr_line' id='line_1_1' title="bbox 917 590 1006 644; baseline 0.011 -1"><span class='ocrx_word' id='word_1_1' title='bbox 917 590 1006 644; x_wconf 91' lang='lat' dir='ltr'><em>XI.</em></span> 
     </span>
     <span class='ocr_line' id='line_1_2' title="bbox 191 703 1719 780; baseline -0.002 -15"><span class='ocrx_word' id='word_1_2' title='bbox 191 711 246 765; x_wconf 90' lang='grc' dir='ltr'><em>Ὁ</em></span> <span class='ocrx_word' id='word_1_3' title='bbox 287 714 511 780; x_wconf 85' lang='grc' dir='ltr'><em>Κίμων</em></span> <span class='ocrx_word' id='word_1_4' title='bbox 550 712 750 765; x_wconf 82' lang='grc' dir='ltr'><strong><em>αἰτῶν</em></strong></span> <span class='ocrx_word' id='word_1_5' title='bbox 788 707 948 780; x_wconf 76' lang='grc' dir='ltr'><em>ὑπὲρ</em></span> <span class='ocrx_word' id='word_1_6' title='bbox 989 718 1103 763; x_wconf 85' lang='grc' dir='ltr'><em>τοῦ</em></span> <span class='ocrx_word' id='word_1_7' title='bbox 1142 703 1384 778; x_wconf 84' lang='grc' dir='ltr'><em>πατρὸς</em></span> <span class='ocrx_word' id='word_1_8' title='bbox 1424 711 1719 778; x_wconf 79' lang='grc' dir='ltr'><em>δεθῆναι.</em></span> 
     </span>
    </p>
   </div>
   <div class='ocr_carea' id='block_1_2' title="bbox 111 841 1898 1718">
    <p class='ocr_par' dir='ltr' id='par_1_2' title="bbox 111 841 1898 1718">
     <span class='ocr_line' id='line_1_3' title="bbox 230 841 1898 915; baseline -0.005 -16"><span class='ocrx_word' id='word_1_9' title='bbox 230 847 275 899; x_wconf 91' lang='grc'><em>1.</em></span> <span class='ocrx_word' id='word_1_10' title='bbox 323 842 548 915; x_wconf 77' lang='grc' dir='ltr'><em>Ἀληθὲς</em></span> <span class='ocrx_word' id='word_1_11' title='bbox 597 841 667 912; x_wconf 76' lang='grc' dir='ltr'><em>ἦν</em></span> <span class='ocrx_word' id='word_1_12' title='bbox 707 846 836 915; x_wconf 76' lang='grc' dir='ltr'><em>ἄρα,</em></span> <span class='ocrx_word' id='word_1_13' title='bbox 888 841 930 898; x_wconf 82' lang='grc' dir='ltr'>ὦ</span> <span class='ocrx_word' id='word_1_14' title='bbox 969 845 1169 911; x_wconf 79' lang='grc' dir='ltr'><em>ἄνδρες</em></span> <span class='ocrx_word' id='word_1_15' title='bbox 1206 842 1517 911; x_wconf 72' lang='grc' dir='ltr'><em>Ἀθηναῖοι,</em></span> <span class='ocrx_word' id='word_1_16' title='bbox 1564 844 1625 896; x_wconf 88' lang='grc' dir='ltr'><em>τὸ</em></span> <span class='ocrx_word' id='word_1_17' title='bbox 1674 849 1795 893; x_wconf 87' lang='lat' dir='ltr'><em>RIV</em></span> <span class='ocrx_word' id='word_1_18' title='bbox 1813 852 1898 892; x_wconf 85' lang='lat'><em>335</em></span> 
     </span>
     <span class='ocr_line' id='line_1_4' title="bbox 115 927 1809 1003; baseline -0.001 -15"><span class='ocrx_word' id='word_1_19' title='bbox 115 938 415 1003; x_wconf 85' lang='grc' dir='ltr'><em>λεγόμενον</em></span> <span class='ocrx_word' id='word_1_20' title='bbox 445 942 609 988; x_wconf 89' lang='grc' dir='ltr'><em>τοῦτο</em></span> <span class='ocrx_word' id='word_1_21' title='bbox 642 934 703 987; x_wconf 90' lang='grc' dir='ltr'><em>τὸ</em></span> <span class='ocrx_word' id='word_1_22' title='bbox 742 931 916 1003; x_wconf 73' lang='grc' dir='ltr'><em>μηδὲν</em></span> <span class='ocrx_word' id='word_1_23' title='bbox 954 933 1195 1002; x_wconf 77' lang='grc' dir='ltr'><em>ἀνάγκης</em></span> <span class='ocrx_word' id='word_1_24' title='bbox 1228 927 1371 986; x_wconf 85' lang='grc' dir='ltr'><em>εἶναι</em></span> <span class='ocrx_word' id='word_1_25' title='bbox 1412 933 1809 1003; x_wconf 79' lang='grc' dir='ltr'><em>δυνατώτερον.</em></span> 
     </span>
     <span class='ocr_line' id='line_1_5' title="bbox 115 1020 1810 1092; baseline -0.001 -16"><span class='ocrx_word' id='word_1_26' title='bbox 115 1022 274 1092; x_wconf 79' lang='grc' dir='ltr'><em>ἔγωγ’</em></span> <span class='ocrx_word' id='word_1_27' title='bbox 322 1020 426 1076; x_wconf 84' lang='grc' dir='ltr'><em>οὗν</em></span> <span class='ocrx_word' id='word_1_28' title='bbox 465 1022 589 1086; x_wconf 80' lang='grc' dir='ltr'><em>νέος</em></span> <span class='ocrx_word' id='word_1_29' title='bbox 628 1043 686 1077; x_wconf 89' lang='grc' dir='ltr'><em>τε</em></span> <span class='ocrx_word' id='word_1_30' title='bbox 718 1024 814 1091; x_wconf 74' lang='grc' dir='ltr'><em>ὤν,</em></span> <span class='ocrx_word' id='word_1_31' title='bbox 846 1023 918 1086; x_wconf 82' lang='grc' dir='ltr'><em>ὡς</em></span> <span class='ocrx_word' id='word_1_32' title='bbox 949 1022 1128 1092; x_wconf 72' lang='grc' dir='ltr'><em>ὁρᾶτε,</em></span> <span class='ocrx_word' id='word_1_33' title='bbox 1168 1020 1258 1074; x_wconf 81' lang='grc' dir='ltr'><em>καὶ</em></span> <span class='ocrx_word' id='word_1_34' title='bbox 1289 1023 1626 1092; x_wconf 74' lang='grc' dir='ltr'><em>πραγμάτων</em></span> <span class='ocrx_word' id='word_1_35' title='bbox 1657 1023 1810 1075; x_wconf 81' lang='grc' dir='ltr'><em>ἄπει-</em></span> 
     </span>
     <span class='ocr_line' id='line_1_6' title="bbox 114 1110 1878 1183; baseline -0.002 -17"><span class='ocrx_word' id='word_1_36' title='bbox 114 1133 210 1183; x_wconf 83' lang='grc' dir='ltr'><em>ρος</em></span> <span class='ocrx_word' id='word_1_37' title='bbox 245 1112 350 1165; x_wconf 82' lang='grc' dir='ltr'><em>ἀπὸ</em></span> <span class='ocrx_word' id='word_1_38' title='bbox 382 1120 481 1166; x_wconf 87' lang='grc' dir='ltr'><em>τοῦ</em></span> <span class='ocrx_word' id='word_1_39' title='bbox 515 1114 894 1182; x_wconf 79' lang='grc' dir='ltr'><em>δεσμωτηρίου</em></span> <span class='ocrx_word' id='word_1_40' title='bbox 926 1110 1073 1180; x_wconf 85' lang='grc' dir='ltr'><em>δεῦρ’</em></span> <span class='ocrx_word' id='word_1_41' title='bbox 1115 1113 1228 1180; x_wconf 80' lang='grc' dir='ltr'><em>ἥκω</em></span> <span class='ocrx_word' id='word_1_42' title='bbox 1262 1111 1579 1164; x_wconf 84' lang='grc' dir='ltr'><em>καταλιπὼν</em></span> <span class='ocrx_word' id='word_1_43' title='bbox 1609 1111 1812 1164; x_wconf 86' lang='grc' dir='ltr'><em>αὐτόθι</em></span> <span class='ocrx_word' id='word_1_44' title='bbox 1858 1131 1878 1164; x_wconf 85' lang='lat'><strong>5</strong></span> 
     </span>
     <span class='ocr_line' id='line_1_7' title="bbox 114 1198 1809 1273; baseline -0.001 -19"><span class='ocrx_word' id='word_1_45' title='bbox 114 1202 212 1254; x_wconf 88' lang='grc' dir='ltr'><em>τὸν</em></span> <span class='ocrx_word' id='word_1_46' title='bbox 249 1203 600 1272; x_wconf 90' lang='grc' dir='ltr'><em>ταλαίπωρον</em></span> <span class='ocrx_word' id='word_1_47' title='bbox 638 1202 959 1270; x_wconf 75' lang='grc' dir='ltr'><em>Μιλτιάδην</em></span> <span class='ocrx_word' id='word_1_48' title='bbox 998 1203 1145 1273; x_wconf 79' lang='grc' dir='ltr'><em>νόσω</em></span> <span class='ocrx_word' id='word_1_49' title='bbox 1185 1221 1242 1254; x_wconf 88' lang='grc' dir='ltr'><em>τε</em></span> <span class='ocrx_word' id='word_1_50' title='bbox 1280 1198 1372 1254; x_wconf 85' lang='grc' dir='ltr'><em>καὶ</em></span> <span class='ocrx_word' id='word_1_51' title='bbox 1413 1201 1596 1272; x_wconf 77' lang='grc' dir='ltr'><em>δεσμῷ</em></span> <span class='ocrx_word' id='word_1_52' title='bbox 1635 1203 1809 1265; x_wconf 85' lang='grc' dir='ltr'><em>πιεζό-</em></span> 
     </span>
     <span class='ocr_line' id='line_1_8' title="bbox 113 1290 1810 1362; baseline -0.001 -18"><span class='ocrx_word' id='word_1_53' title='bbox 113 1311 283 1357; x_wconf 89' lang='grc' dir='ltr'><em>μενον</em></span> <span class='ocrx_word' id='word_1_54' title='bbox 320 1291 409 1343; x_wconf 80' lang='grc' dir='ltr'><em>καὶ</em></span> <span class='ocrx_word' id='word_1_55' title='bbox 451 1292 674 1344; x_wconf 87' lang='grc' dir='ltr'><em>δεῖσθαι</em></span> <span class='ocrx_word' id='word_1_56' title='bbox 721 1293 902 1359; x_wconf 86' lang='grc' dir='ltr'><em>τολμῶ</em></span> <span class='ocrx_word' id='word_1_57' title='bbox 952 1291 1131 1359; x_wconf 84' lang='grc' dir='ltr'><em>δήμου</em></span> <span class='ocrx_word' id='word_1_58' title='bbox 1178 1290 1448 1343; x_wconf 85' lang='grc' dir='ltr'><em>τοσούτου</em></span> <span class='ocrx_word' id='word_1_59' title='bbox 1500 1291 1810 1362; x_wconf 78' lang='grc' dir='ltr'><em>πρᾳότερόν</em></span> 
     </span>
     <span class='ocr_line' id='line_1_9' title="bbox 111 1378 1807 1448; baseline -0.001 -16"><span class='ocrx_word' id='word_1_60' title='bbox 111 1400 168 1432; x_wconf 89' lang='grc' dir='ltr'><em>τε</em></span> <span class='ocrx_word' id='word_1_61' title='bbox 215 1378 372 1447; x_wconf 82' lang='grc' dir='ltr'><em>ἡμῶν</em></span> <span class='ocrx_word' id='word_1_62' title='bbox 409 1379 442 1448; x_wconf 80' lang='grc' dir='ltr'>ἢ</span> <span class='ocrx_word' id='word_1_63' title='bbox 490 1381 762 1448; x_wconf 90' lang='grc' dir='ltr'><em>πρότερον</em></span> <span class='ocrx_word' id='word_1_64' title='bbox 808 1379 1040 1432; x_wconf 78' lang='grc' dir='ltr'><em>ἀκοῦσαι</em></span> <span class='ocrx_word' id='word_1_65' title='bbox 1086 1378 1177 1432; x_wconf 82' lang='grc' dir='ltr'><em>καὶ</em></span> <span class='ocrx_word' id='word_1_66' title='bbox 1226 1380 1425 1432; x_wconf 84' lang='grc' dir='ltr'><em>δοῦναι</em></span> <span class='ocrx_word' id='word_1_67' title='bbox 1473 1380 1634 1448; x_wconf 87' lang='grc' dir='ltr'><em>χάριν</em></span> <span class='ocrx_word' id='word_1_68' title='bbox 1673 1378 1706 1447; x_wconf 79' lang='grc' dir='ltr'>ἢ</span> <span class='ocrx_word' id='word_1_69' title='bbox 1746 1379 1807 1432; x_wconf 91' lang='grc' dir='ltr'><em>τὸ</em></span> 
     </span>
     <span class='ocr_line' id='line_1_10' title="bbox 111 1468 1898 1541; baseline -0.003 -20"><span class='ocrx_word' id='word_1_70' title='bbox 111 1468 213 1537; x_wconf 80' lang='grc' dir='ltr'><em>μὲν</em></span> <span class='ocrx_word' id='word_1_71' title='bbox 252 1471 453 1537; x_wconf 86' lang='grc' dir='ltr'><em>τίμημα</em></span> <span class='ocrx_word' id='word_1_72' title='bbox 493 1477 588 1537; x_wconf 79' lang='grc' dir='ltr'><em>τῆς</em></span> <span class='ocrx_word' id='word_1_73' title='bbox 622 1468 628 1537; x_wconf 93' lang='grc' dir='ltr'>Ι</span> <span class='ocrx_word' id='word_1_74' title='bbox 673 1471 882 1531; x_wconf 85' lang='grc' dir='ltr'><em>πόλεως</em></span> <span class='ocrx_word' id='word_1_75' title='bbox 922 1468 1170 1537; x_wconf 75' lang='grc' dir='ltr'><em>φυλάξει,</em></span> <span class='ocrx_word' id='word_1_76' title='bbox 1210 1475 1286 1541; x_wconf 78' lang='grc' dir='ltr'><em>τῷ</em></span> <span class='ocrx_word' id='word_1_77' title='bbox 1326 1469 1388 1522; x_wconf 78' lang='grc' dir='ltr'><em>δὲ</em></span> <span class='ocrx_word' id='word_1_78' title='bbox 1425 1469 1624 1538; x_wconf 83' lang='grc' dir='ltr'><em>ἠτυχη-</em></span> <span class='ocrx_word' id='word_1_79' title='bbox 1671 1473 1794 1517; x_wconf 87' lang='lat' dir='ltr'><em>RIV</em></span> <span class='ocrx_word' id='word_1_80' title='bbox 1811 1476 1898 1516; x_wconf 80' lang='lat'><em>336</em></span> 
     </span>
     <span class='ocr_line' id='line_1_11' title="bbox 111 1544 1876 1627; baseline 0.001 -17"><span class='ocrx_word' id='word_1_81' title='bbox 111 1559 230 1610; x_wconf 87' lang='grc' dir='ltr'><em>κότι</em></span> <span class='ocrx_word' id='word_1_82' title='bbox 268 1559 631 1626; x_wconf 82' lang='grc' dir='ltr'><em>παραμυθίαν</em></span> <span class='ocrx_word' id='word_1_83' title='bbox 677 1558 815 1611; x_wconf 83' lang='grc' dir='ltr'><em>οἴσει</em></span> <span class='ocrx_word' id='word_1_84' title='bbox 867 1559 1007 1611; x_wconf 87' lang='grc' dir='ltr'><em>τινά.</em></span> <span class='ocrx_word' id='word_1_85' title='bbox 1085 1558 1133 1610; x_wconf 82' lang='grc'><em>2.</em></span> <span class='ocrx_word' id='word_1_86' title='bbox 1181 1559 1241 1611; x_wconf 92' lang='grc' dir='ltr'><em>τὸ</em></span> <span class='ocrx_word' id='word_1_87' title='bbox 1289 1558 1391 1627; x_wconf 85' lang='grc' dir='ltr'><em>μὲν</em></span> <span class='ocrx_word' id='word_1_88' title='bbox 1438 1553 1542 1611; x_wconf 83' lang='grc' dir='ltr'><em>οὖν</em></span> <span class='ocrx_word' id='word_1_89' title='bbox 1587 1557 1809 1626; x_wconf 84' lang='grc' dir='ltr'><em>βέλτιον</em></span> <span class='ocrx_word' id='word_1_90' title='bbox 1834 1544 1876 1611; x_wconf 80' lang='grc' dir='ltr'><em>ιο</em></span> 
     </span>
     <span class='ocr_line' id='line_1_12' title="bbox 112 1642 1808 1718; baseline 0.001 -19"><span class='ocrx_word' id='word_1_91' title='bbox 112 1642 182 1714; x_wconf 80' lang='grc' dir='ltr'><em>ἦν</em></span> <span class='ocrx_word' id='word_1_92' title='bbox 222 1645 281 1700; x_wconf 81' lang='grc' dir='ltr'><em>ἐν</em></span> <span class='ocrx_word' id='word_1_93' title='bbox 320 1655 384 1718; x_wconf 75' lang='grc' dir='ltr'><em>τῇ</em></span> <span class='ocrx_word' id='word_1_94' title='bbox 424 1648 562 1715; x_wconf 80' lang='grc' dir='ltr'><em>πρὸς</em></span> <span class='ocrx_word' id='word_1_95' title='bbox 600 1648 731 1709; x_wconf 81' lang='grc' dir='ltr'><em>τοὺς</em></span> <span class='ocrx_word' id='word_1_96' title='bbox 770 1647 1086 1718; x_wconf 80' lang='grc' dir='ltr'><em>βαρβάρους</em></span> <span class='ocrx_word' id='word_1_97' title='bbox 1132 1648 1274 1717; x_wconf 82' lang='grc' dir='ltr'><em>μάχῃ</em></span> <span class='ocrx_word' id='word_1_98' title='bbox 1321 1648 1419 1700; x_wconf 84' lang='grc' dir='ltr'><em>τὸν</em></span> <span class='ocrx_word' id='word_1_99' title='bbox 1468 1647 1675 1717; x_wconf 83' lang='grc' dir='ltr'><em>πατέρα</em></span> <span class='ocrx_word' id='word_1_100' title='bbox 1714 1667 1808 1717; x_wconf 91' lang='grc' dir='ltr'><em>μοι</em></span> 
     </span>
    </p>
   </div>
   <div class='ocr_carea' id='block_1_3' title="bbox 229 1807 1657 2090">
    <p class='ocr_par' dir='ltr' id='par_1_3' title="bbox 231 1807 1657 1911">
     <span class='ocr_line' id='line_1_13' title="bbox 241 1807 1657 1853; baseline 0 -2"><span class='ocrx_word' id='word_1_101' title='bbox 241 1809 298 1851; x_wconf 81' lang='lat' dir='ltr'><em>Vi</em></span> <span class='ocrx_word' id='word_1_102' title='bbox 366 1830 421 1844; x_wconf 94' lang='lat'><strong><em>=</em></strong></span> <span class='ocrx_word' id='word_1_103' title='bbox 447 1807 601 1852; x_wconf 81' lang='lat' dir='ltr'>Codex</span> <span class='ocrx_word' id='word_1_104' title='bbox 633 1807 1006 1852; x_wconf 81' lang='lat' dir='ltr'><strong>Vindobonensis</strong></span> <span class='ocrx_word' id='word_1_105' title='bbox 1039 1808 1209 1853; x_wconf 53' lang='lat' dir='ltr'><strong>Philota</strong></span> <span class='ocrx_word' id='word_1_106' title='bbox 1245 1810 1292 1852; x_wconf 74' lang='lat' dir='ltr'><em>et</em></span> <span class='ocrx_word' id='word_1_107' title='bbox 1322 1807 1488 1852; x_wconf 89' lang='lat' dir='ltr'><strong>Philol.</strong></span> <span class='ocrx_word' id='word_1_108' title='bbox 1513 1808 1576 1852; x_wconf 91' lang='lat' dir='ltr'><em>IV</em></span> <span class='ocrx_word' id='word_1_109' title='bbox 1603 1813 1657 1852; x_wconf 81' lang='lat'><em>82</em></span> 
     </span>
     <span class='ocr_line' id='line_1_14' title="bbox 231 1867 873 1911; baseline 0.002 -1"><span class='ocrx_word' id='word_1_110' title='bbox 231 1868 277 1910; x_wconf 88' lang='grc' dir='ltr'><strong><em>Β</em></strong></span> <span class='ocrx_word' id='word_1_111' title='bbox 366 1890 420 1904; x_wconf 91' lang='lat'><strong><em>=</em></strong></span> <span class='ocrx_word' id='word_1_112' title='bbox 448 1867 729 1911; x_wconf 85' lang='lat' dir='ltr'><strong>Barberinus</strong></span> <span class='ocrx_word' id='word_1_113' title='bbox 753 1868 795 1911; x_wconf 88' lang='lat' dir='ltr'>H</span> <span class='ocrx_word' id='word_1_114' title='bbox 818 1873 873 1911; x_wconf 89' lang='grc'><em>41</em></span> 
     </span>
    </p>

    <p class='ocr_par' dir='ltr' id='par_1_4' title="bbox 231 1927 1017 1971">
     <span class='ocr_line' id='line_1_15' title="bbox 231 1927 1017 1971; baseline 0 -1"><span class='ocrx_word' id='word_1_115' title='bbox 231 1927 274 1970; x_wconf 91' lang='lat' dir='ltr'><em>L</em></span> <span class='ocrx_word' id='word_1_116' title='bbox 364 1949 418 1963; x_wconf 95' lang='lat'><strong><em>=</em></strong></span> <span class='ocrx_word' id='word_1_117' title='bbox 444 1927 783 1971; x_wconf 74' lang='lat' dir='ltr'><strong>Laurentianus</strong></span> <span class='ocrx_word' id='word_1_118' title='bbox 815 1927 937 1970; x_wconf 91' lang='lat' dir='ltr'><strong>LVII</strong></span> <span class='ocrx_word' id='word_1_119' title='bbox 962 1932 1017 1970; x_wconf 82' lang='lat'><em>23</em></span> 
     </span>
    </p>

    <p class='ocr_par' dir='ltr' id='par_1_5' title="bbox 229 1985 1292 2044">
     <span class='ocr_line' id='line_1_16' title="bbox 229 1985 1292 2044; baseline 0.002 -16"><span class='ocrx_word' id='word_1_120' title='bbox 229 1987 264 2028; x_wconf 95' lang='grc' dir='ltr'><em>Ι</em></span> <span class='ocrx_word' id='word_1_121' title='bbox 364 2009 419 2023; x_wconf 94' lang='lat'><strong><em>=</em></strong></span> <span class='ocrx_word' id='word_1_122' title='bbox 443 1985 896 2043; x_wconf 76' lang='lat' dir='ltr'><strong>Hierosolymitanus</strong></span> <span class='ocrx_word' id='word_1_123' title='bbox 930 1986 973 2030; x_wconf 88' lang='lat' dir='ltr'><em>S.</em></span> <span class='ocrx_word' id='word_1_124' title='bbox 1000 1987 1212 2044; x_wconf 83' lang='lat' dir='ltr'><strong>Sepulori</strong></span> <span class='ocrx_word' id='word_1_125' title='bbox 1239 1991 1292 2030; x_wconf 83' lang='lat'><em>79</em></span> 
     </span>
    </p>

    <p class='ocr_par' dir='ltr' id='par_1_6' title="bbox 230 2046 1004 2090">
     <span class='ocr_line' id='line_1_17' title="bbox 230 2046 1004 2090; baseline 0 -1"><span class='ocrx_word' id='word_1_126' title='bbox 230 2046 340 2089; x_wconf 81' lang='lat' dir='ltr'><em>Lau</em></span> <span class='ocrx_word' id='word_1_127' title='bbox 364 2068 420 2082; x_wconf 88' lang='lat'>=</span> <span class='ocrx_word' id='word_1_128' title='bbox 444 2046 787 2090; x_wconf 76' lang='lat' dir='ltr'><strong>Laurentianus</strong></span> <span class='ocrx_word' id='word_1_129' title='bbox 818 2046 919 2090; x_wconf 87' lang='lat' dir='ltr'><em>LIX</em></span> <span class='ocrx_word' id='word_1_130' title='bbox 948 2051 1004 2090; x_wconf 86' lang='lat'><em>30</em></span> 
     </span>
    </p>
   </div>
   <div class='ocr_carea' id='block_1_4' title="bbox 113 2193 1805 2297">
    <p class='ocr_par' dir='ltr' id='par_1_7' title="bbox 113 2193 1805 2297">
     <span class='ocr_line' id='line_1_18' title="bbox 230 2193 1805 2250; baseline 0.003 -14"><span class='ocrx_word' id='word_1_131' title='bbox 230 2198 255 2236; x_wconf 88' lang='grc'><strong>3</strong></span> <span class='ocrx_word' id='word_1_132' title='bbox 289 2193 435 2238; x_wconf 84' lang='lat' dir='ltr'><strong>Her.I</strong></span> <span class='ocrx_word' id='word_1_133' title='bbox 453 2199 523 2250; x_wconf 84' lang='lat'><em>91,</em></span> <span class='ocrx_word' id='word_1_134' title='bbox 544 2201 587 2249; x_wconf 81' lang='lat'><em>13</em></span> <span class='ocrx_word' id='word_1_135' title='bbox 620 2195 684 2239; x_wconf 92' lang='lat' dir='ltr'><em>IX</em></span> <span class='ocrx_word' id='word_1_136' title='bbox 704 2200 772 2249; x_wconf 77' lang='grc'><em>16,</em></span> <span class='ocrx_word' id='word_1_137' title='bbox 792 2200 830 2239; x_wconf 89' lang='lat'><em>3.</em></span> <span class='ocrx_word' id='word_1_138' title='bbox 865 2196 921 2240; x_wconf 85' lang='lat' dir='ltr'><em>cf.</em></span> <span class='ocrx_word' id='word_1_139' title='bbox 948 2195 1032 2240; x_wconf 89' lang='lat' dir='ltr'><em>VH</em></span> <span class='ocrx_word' id='word_1_140' title='bbox 1060 2201 1156 2239; x_wconf 78' lang='lat'>172.</span> <span class='ocrx_word' id='word_1_141' title='bbox 1191 2196 1400 2239; x_wconf 85' lang='lat' dir='ltr'><strong>Parmen.</strong></span> <span class='ocrx_word' id='word_1_142' title='bbox 1420 2201 1462 2249; x_wconf 80' lang='lat'><em>8,</em></span> <span class='ocrx_word' id='word_1_143' title='bbox 1481 2199 1536 2238; x_wconf 89' lang='grc'><em>30</em></span> <span class='ocrx_word' id='word_1_144' title='bbox 1565 2195 1635 2239; x_wconf 87' lang='lat' dir='ltr'><em>ed.</em></span> <span class='ocrx_word' id='word_1_145' title='bbox 1663 2195 1805 2240; x_wconf 83' lang='lat' dir='ltr'><strong>Diels.</strong></span> 
     </span>
     <span class='ocr_line' id='line_1_19' title="bbox 113 2251 557 2297; baseline 0.005 -2"><span class='ocrx_word' id='word_1_146' title='bbox 113 2251 293 2297; x_wconf 83' lang='lat' dir='ltr'><strong>Gallim.</strong></span> <span class='ocrx_word' id='word_1_147' title='bbox 319 2253 362 2296; x_wconf 89' lang='lat' dir='ltr'><em>h.</em></span> <span class='ocrx_word' id='word_1_148' title='bbox 388 2253 452 2297; x_wconf 90' lang='lat' dir='ltr'><em>IV</em></span> <span class='ocrx_word' id='word_1_149' title='bbox 475 2259 557 2297; x_wconf 82' lang='lat'><em>122</em></span> 
     </span>
    </p>
   </div>
   <div class='ocr_carea' id='block_1_5' title="bbox 289 2141 465 2145">
    <p class='ocr_par' dir='ltr' id='par_1_8' title="bbox 289 2141 465 2145">
     <span class='ocr_line' id='line_1_20' title="bbox 289 2141 465 2145; baseline 0 0"><span class='ocrx_word' id='word_1_150' title='bbox 289 2141 465 2145; x_wconf 95' lang='lat' dir='ltr'><em> </em></span> 
     </span>
    </p>
   </div>
   <div class='ocr_carea' id='block_1_6' title="bbox 113 2346 460 2354">
    <p class='ocr_par' dir='ltr' id='par_1_9' title="bbox 113 2346 460 2354">
     <span class='ocr_line' id='line_1_21' title="bbox 113 2346 460 2354; baseline 0 838"><span class='ocrx_word' id='word_1_151' title='bbox 113 2346 460 2354; x_wconf 95' lang='lat' dir='ltr'><em> </em></span> 
     </span>
    </p>
   </div>
   <div class='ocr_carea' id='block_1_7' title="bbox 111 2398 1807 2978">
    <p class='ocr_par' dir='ltr' id='par_1_10' title="bbox 111 2398 1807 2875">
     <span class='ocr_line' id='line_1_22' title="bbox 233 2398 1807 2460; baseline 0.002 -16"><span class='ocrx_word' id='word_1_152' title='bbox 233 2407 254 2445; x_wconf 95' lang='lat'>1</span> <span class='ocrx_word' id='word_1_153' title='bbox 296 2398 416 2458; x_wconf 83' lang='grc' dir='ltr'><em>Ἄλλη</em></span> <span class='ocrx_word' id='word_1_154' title='bbox 464 2401 622 2460; x_wconf 82' lang='grc' dir='ltr'><em>μελέτη</em></span> <span class='ocrx_word' id='word_1_155' title='bbox 669 2405 717 2448; x_wconf 67' lang='lat' dir='ltr'><em>eb</em></span> <span class='ocrx_word' id='word_1_156' title='bbox 759 2403 986 2454; x_wconf 82' lang='grc' dir='ltr'><em>ὑπόθεσις</em></span> <span class='ocrx_word' id='word_1_157' title='bbox 1028 2406 1136 2448; x_wconf 67' lang='lat' dir='ltr'><em>anbe</em></span> <span class='ocrx_word' id='word_1_158' title='bbox 1176 2404 1222 2448; x_wconf 80' lang='grc' dir='ltr'><em>Ὀ</em></span> <span class='ocrx_word' id='word_1_159' title='bbox 1260 2401 1421 2460; x_wconf 85' lang='grc' dir='ltr'><em>Κίμων</em></span> <span class='ocrx_word' id='word_1_160' title='bbox 1491 2401 1652 2460; x_wconf 85' lang='grc' dir='ltr'><em>Κίμων</em></span> <span class='ocrx_word' id='word_1_161' title='bbox 1698 2406 1807 2460; x_wconf 70' lang='lat' dir='ltr'>post</span> 
     </span>
     <span class='ocr_line' id='line_1_23' title="bbox 112 2458 1805 2521; baseline 0.003 -18"><span class='ocrx_word' id='word_1_162' title='bbox 112 2461 314 2517; x_wconf 84' lang='grc' dir='ltr'><em>δεθῆναι</em></span> <span class='ocrx_word' id='word_1_163' title='bbox 347 2460 436 2504; x_wconf 89' lang='lat' dir='ltr'><em>edd</em></span> <span class='ocrx_word' id='word_1_164' title='bbox 514 2461 665 2507; x_wconf 84' lang='lat' dir='ltr'>delevi</span> <span class='ocrx_word' id='word_1_165' title='bbox 802 2468 826 2506; x_wconf 84' lang='lat'>2</span> <span class='ocrx_word' id='word_1_166' title='bbox 867 2463 959 2518; x_wconf 77' lang='grc' dir='ltr'><em>ἄρα</em></span> <span class='ocrx_word' id='word_1_167' title='bbox 999 2477 1074 2507; x_wconf 87' lang='lat' dir='ltr'><em>om</em></span> <span class='ocrx_word' id='word_1_168' title='bbox 1109 2464 1165 2508; x_wconf 83' lang='lat' dir='ltr'><em>Vi</em></span> <span class='ocrx_word' id='word_1_169' title='bbox 1238 2458 1316 2517; x_wconf 81' lang='grc' dir='ltr'><em>ἆρ’</em></span> <span class='ocrx_word' id='word_1_170' title='bbox 1354 2463 1463 2507; x_wconf 81' lang='lat' dir='ltr'><em>Lau</em></span> <span class='ocrx_word' id='word_1_171' title='bbox 1597 2468 1625 2507; x_wconf 84' lang='lat'>4</span> <span class='ocrx_word' id='word_1_172' title='bbox 1666 2463 1805 2521; x_wconf 76' lang='grc' dir='ltr'><em>ἔγωγε</em></span> 
     </span>
     <span class='ocr_line' id='line_1_24' title="bbox 111 2518 1806 2578; baseline 0.002 -15"><span class='ocrx_word' id='word_1_173' title='bbox 111 2519 269 2564; x_wconf 84' lang='lat' dir='ltr'><em>BLau</em></span> <span class='ocrx_word' id='word_1_174' title='bbox 297 2525 301 2574; x_wconf 80' lang='grc' dir='ltr'>Ι</span> <span class='ocrx_word' id='word_1_175' title='bbox 330 2527 443 2576; x_wconf 76' lang='grc' dir='ltr'><em>γοῦν</em></span> <span class='ocrx_word' id='word_1_176' title='bbox 480 2533 505 2563; x_wconf 86' lang='lat' dir='ltr'>e</span> <span class='ocrx_word' id='word_1_177' title='bbox 537 2518 582 2577; x_wconf 77' lang='grc' dir='ltr'><em>γ’</em></span> <span class='ocrx_word' id='word_1_178' title='bbox 618 2518 702 2566; x_wconf 83' lang='grc' dir='ltr'><em>οὖν</em></span> <span class='ocrx_word' id='word_1_179' title='bbox 735 2536 836 2566; x_wconf 83' lang='lat' dir='ltr'>corr</span> <span class='ocrx_word' id='word_1_180' title='bbox 866 2536 942 2566; x_wconf 85' lang='lat' dir='ltr'><em>ras</em></span> <span class='ocrx_word' id='word_1_181' title='bbox 966 2523 1009 2566; x_wconf 92' lang='lat' dir='ltr'><strong>L</strong></span> <span class='ocrx_word' id='word_1_182' title='bbox 1038 2524 1044 2578; x_wconf 76' lang='grc' dir='ltr'>Ι</span> <span class='ocrx_word' id='word_1_183' title='bbox 1072 2523 1133 2573; x_wconf 83' lang='grc' dir='ltr'><em>ὡς</em></span> <span class='ocrx_word' id='word_1_184' title='bbox 1165 2536 1240 2566; x_wconf 91' lang='lat' dir='ltr'><em>om</em></span> <span class='ocrx_word' id='word_1_185' title='bbox 1263 2522 1366 2566; x_wconf 88' lang='lat' dir='ltr'><em>Mor</em></span> <span class='ocrx_word' id='word_1_186' title='bbox 1396 2522 1477 2565; x_wconf 85' lang='lat' dir='ltr'><em>sed</em></span> <span class='ocrx_word' id='word_1_187' title='bbox 1509 2522 1806 2566; x_wconf 84' lang='lat' dir='ltr'><strong>inserendum</strong></span> 
     </span>
     <span class='ocr_line' id='line_1_25' title="bbox 113 2578 1805 2638; baseline 0.004 -17"><span class='ocrx_word' id='word_1_188' title='bbox 113 2578 216 2622; x_wconf 81' lang='lat' dir='ltr'><strong>coni</strong></span> <span class='ocrx_word' id='word_1_189' title='bbox 233 2578 330 2623; x_wconf 76' lang='lat' dir='ltr'><em>Not</em></span> <span class='ocrx_word' id='word_1_190' title='bbox 353 2579 377 2622; x_wconf 89' lang='lat' dir='ltr'><strong>f</strong></span> <span class='ocrx_word' id='word_1_191' title='bbox 396 2578 459 2622; x_wconf 91' lang='lat' dir='ltr'><em>VI</em></span> <span class='ocrx_word' id='word_1_192' title='bbox 520 2594 544 2623; x_wconf 86' lang='lat' dir='ltr'>e</span> <span class='ocrx_word' id='word_1_193' title='bbox 564 2582 648 2626; x_wconf 88' lang='lat' dir='ltr'><em>Mo</em></span> <span class='ocrx_word' id='word_1_194' title='bbox 672 2581 797 2626; x_wconf 83' lang='lat' dir='ltr'><strong>inser</strong></span> <span class='ocrx_word' id='word_1_195' title='bbox 816 2581 881 2625; x_wconf 86' lang='lat' dir='ltr'><em>Re</em></span> <span class='ocrx_word' id='word_1_196' title='bbox 1003 2587 1029 2625; x_wconf 86' lang='lat'>5</span> <span class='ocrx_word' id='word_1_197' title='bbox 1055 2583 1193 2636; x_wconf 81' lang='grc' dir='ltr'><em>δεῦρο</em></span> <span class='ocrx_word' id='word_1_198' title='bbox 1215 2582 1273 2624; x_wconf 85' lang='lat' dir='ltr'><em>Vi</em></span> <span class='ocrx_word' id='word_1_199' title='bbox 1300 2585 1306 2637; x_wconf 89' lang='grc' dir='ltr'>Ι</span> <span class='ocrx_word' id='word_1_200' title='bbox 1334 2579 1429 2637; x_wconf 75' lang='grc' dir='ltr'><em>ἥκω</em></span> <span class='ocrx_word' id='word_1_201' title='bbox 1455 2582 1618 2638; x_wconf 85' lang='lat' dir='ltr'>scripsi</span> <span class='ocrx_word' id='word_1_202' title='bbox 1680 2580 1805 2638; x_wconf 77' lang='grc' dir='ltr'><em>ἥκων</em></span> 
     </span>
     <span class='ocr_line' id='line_1_26' title="bbox 112 2637 1805 2697; baseline 0.005 -18"><span class='ocrx_word' id='word_1_203' title='bbox 112 2637 266 2682; x_wconf 83' lang='lat' dir='ltr'><em>LLau</em></span> <span class='ocrx_word' id='word_1_204' title='bbox 298 2638 380 2682; x_wconf 83' lang='lat' dir='ltr'><em>sed</em></span> <span class='ocrx_word' id='word_1_205' title='bbox 410 2638 459 2681; x_wconf 91' lang='lat' dir='ltr'><em>in</em></span> <span class='ocrx_word' id='word_1_206' title='bbox 490 2641 688 2695; x_wconf 78' lang='lat' dir='ltr'><strong>utroque</strong></span> <span class='ocrx_word' id='word_1_207' title='bbox 721 2658 746 2684; x_wconf 86' lang='grc' dir='ltr'><em>ν</em></span> <span class='ocrx_word' id='word_1_208' title='bbox 780 2654 894 2694; x_wconf 83' lang='lat' dir='ltr'>eras,</span> <span class='ocrx_word' id='word_1_209' title='bbox 919 2642 955 2685; x_wconf 95' lang='lat' dir='ltr'><strong>I</strong></span> <span class='ocrx_word' id='word_1_210' title='bbox 979 2641 1070 2684; x_wconf 88' lang='lat' dir='ltr'><em>edd</em></span> <span class='ocrx_word' id='word_1_211' title='bbox 1096 2641 1175 2685; x_wconf 86' lang='lat' dir='ltr'><em>sed</em></span> <span class='ocrx_word' id='word_1_212' title='bbox 1201 2642 1386 2694; x_wconf 81' lang='lat' dir='ltr'><em>„malim</em></span> <span class='ocrx_word' id='word_1_213' title='bbox 1410 2638 1535 2697; x_wconf 77' lang='grc' dir='ltr'><em>ἤκω“</em></span> <span class='ocrx_word' id='word_1_214' title='bbox 1561 2641 1627 2684; x_wconf 79' lang='lat' dir='ltr'><em>Re</em></span> <span class='ocrx_word' id='word_1_215' title='bbox 1689 2638 1805 2696; x_wconf 81' lang='grc' dir='ltr'><em>ἧκον</em></span> 
     </span>
     <span class='ocr_line' id='line_1_27' title="bbox 122 2697 1804 2760; baseline 0.003 -21"><span class='ocrx_word' id='word_1_216' title='bbox 122 2697 225 2740; x_wconf 80' lang='lat' dir='ltr'><em>ViB</em></span> <span class='ocrx_word' id='word_1_217' title='bbox 347 2702 372 2740; x_wconf 88' lang='grc'><strong>6</strong></span> <span class='ocrx_word' id='word_1_218' title='bbox 407 2700 558 2754; x_wconf 84' lang='grc' dir='ltr'><em>δεσμῷ</em></span> <span class='ocrx_word' id='word_1_219' title='bbox 583 2697 854 2756; x_wconf 85' lang='grc' dir='ltr'><em>πιεζόμενον</em></span> <span class='ocrx_word' id='word_1_220' title='bbox 884 2700 1055 2743; x_wconf 83' lang='lat' dir='ltr'><strong>lacuna</strong></span> <span class='ocrx_word' id='word_1_221' title='bbox 1086 2700 1294 2744; x_wconf 79' lang='lat' dir='ltr'><strong>indicata</strong></span> <span class='ocrx_word' id='word_1_222' title='bbox 1329 2714 1405 2743; x_wconf 88' lang='lat' dir='ltr'><em>om</em></span> <span class='ocrx_word' id='word_1_223' title='bbox 1437 2699 1539 2744; x_wconf 85' lang='lat' dir='ltr'><em>Mor</em></span> <span class='ocrx_word' id='word_1_224' title='bbox 1571 2700 1652 2744; x_wconf 83' lang='lat' dir='ltr'><em>sed</em></span> <span class='ocrx_word' id='word_1_225' title='bbox 1685 2700 1804 2760; x_wconf 78' lang='grc' dir='ltr'><em>γήρᾳ</em></span> 
     </span>
     <span class='ocr_line' id='line_1_28' title="bbox 111 2754 1804 2817; baseline 0.004 -20"><span class='ocrx_word' id='word_1_226' title='bbox 111 2754 381 2812; x_wconf 81' lang='grc' dir='ltr'><em>πιεζόμενον</em></span> <span class='ocrx_word' id='word_1_227' title='bbox 398 2756 503 2800; x_wconf 83' lang='lat' dir='ltr'><strong>coni</strong></span> <span class='ocrx_word' id='word_1_228' title='bbox 519 2757 616 2801; x_wconf 63' lang='lat' dir='ltr'><em>Noss</em></span> <span class='ocrx_word' id='word_1_229' title='bbox 630 2757 700 2802; x_wconf 89' lang='lat' dir='ltr'>l.l.</span> <span class='ocrx_word' id='word_1_230' title='bbox 826 2763 850 2801; x_wconf 83' lang='lat'><strong>7</strong></span> <span class='ocrx_word' id='word_1_231' title='bbox 869 2759 946 2802; x_wconf 82' lang='grc' dir='ltr'><em>καὶ</em></span> <span class='ocrx_word' id='word_1_232' title='bbox 965 2773 1039 2802; x_wconf 91' lang='lat' dir='ltr'><em>om</em></span> <span class='ocrx_word' id='word_1_233' title='bbox 1057 2759 1242 2804; x_wconf 80' lang='lat' dir='ltr'><strong>LILau</strong></span> <span class='ocrx_word' id='word_1_234' title='bbox 1258 2759 1359 2803; x_wconf 90' lang='lat' dir='ltr'><em>Mor</em></span> <span class='ocrx_word' id='word_1_235' title='bbox 1386 2761 1392 2817; x_wconf 78' lang='grc' dir='ltr'>Ι</span> <span class='ocrx_word' id='word_1_236' title='bbox 1419 2757 1680 2815; x_wconf 85' lang='grc' dir='ltr'><em>πραότερον</em></span> <span class='ocrx_word' id='word_1_237' title='bbox 1696 2759 1804 2804; x_wconf 85' lang='lat' dir='ltr'><strong>libri</strong></span> 
     </span>
     <span class='ocr_line' id='line_1_29' title="bbox 112 2814 1805 2875; baseline 0.004 -19"><span class='ocrx_word' id='word_1_238' title='bbox 112 2814 203 2856; x_wconf 88' lang='lat' dir='ltr'><em>edd</em></span> <span class='ocrx_word' id='word_1_239' title='bbox 325 2820 351 2859; x_wconf 92' lang='lat'>8</span> <span class='ocrx_word' id='word_1_240' title='bbox 382 2831 430 2859; x_wconf 83' lang='grc' dir='ltr'><em>τε</em></span> <span class='ocrx_word' id='word_1_241' title='bbox 464 2831 539 2860; x_wconf 89' lang='lat' dir='ltr'><em>om</em></span> <span class='ocrx_word' id='word_1_242' title='bbox 563 2818 598 2860; x_wconf 92' lang='lat' dir='ltr'><strong>I</strong></span> <span class='ocrx_word' id='word_1_243' title='bbox 625 2817 632 2874; x_wconf 86' lang='grc' dir='ltr'>Ι</span> <span class='ocrx_word' id='word_1_244' title='bbox 670 2817 777 2873; x_wconf 86' lang='grc' dir='ltr'><em>ἡμῖν</em></span> <span class='ocrx_word' id='word_1_245' title='bbox 810 2818 911 2861; x_wconf 89' lang='lat' dir='ltr'><em>Mor</em></span> <span class='ocrx_word' id='word_1_246' title='bbox 944 2820 950 2875; x_wconf 90' lang='grc' dir='ltr'>Ι</span> <span class='ocrx_word' id='word_1_247' title='bbox 989 2817 1017 2874; x_wconf 83' lang='grc' dir='ltr'><strong>ἢ</strong></span> <span class='ocrx_word' id='word_1_248' title='bbox 1050 2817 1276 2874; x_wconf 83' lang='grc' dir='ltr'><em>πρότερον</em></span> <span class='ocrx_word' id='word_1_249' title='bbox 1308 2818 1483 2862; x_wconf 88' lang='lat' dir='ltr'><strong>inserui</strong></span> <span class='ocrx_word' id='word_1_250' title='bbox 1509 2816 1540 2861; x_wconf 32' lang='lat' dir='ltr'><em>*e</em></span> <span class='ocrx_word' id='word_1_251' title='bbox 1574 2819 1805 2863; x_wconf 82' lang='lat' dir='ltr'><strong>BLILau</strong></span> 
     </span>
    </p>

    <p class='ocr_par' dir='ltr' id='par_1_11' title="bbox 172 2873 1805 2978">
     <span class='ocr_line' id='line_1_30' title="bbox 172 2873 1805 2978; baseline 0.003 -62"><span class='ocrx_word' id='word_1_252' title='bbox 172 2886 247 2916; x_wconf 92' lang='lat' dir='ltr'><em>om</em></span> <span class='ocrx_word' id='word_1_253' title='bbox 281 2874 436 2976; x_wconf 55' lang='lat' dir='ltr'>VidRe</span> <span class='ocrx_word' id='word_1_254' title='bbox 454 2873 533 2978; x_wconf 61' lang='lat' dir='ltr'><em>Vi)</em></span> <span class='ocrx_word' id='word_1_255' title='bbox 565 2875 692 2930; x_wconf 82' lang='grc' dir='ltr'><em>πρό*</em></span> <span class='ocrx_word' id='word_1_256' title='bbox 724 2876 826 2920; x_wconf 87' lang='lat' dir='ltr'><em>Mor</em></span> <span class='ocrx_word' id='word_1_257' title='bbox 858 2878 939 2922; x_wconf 84' lang='lat' dir='ltr'><em>sed</em></span> <span class='ocrx_word' id='word_1_258' title='bbox 971 2875 1197 2932; x_wconf 80' lang='grc' dir='ltr'><em>πρότερον</em></span> <span class='ocrx_word' id='word_1_259' title='bbox 1230 2877 1302 2921; x_wconf 85' lang='lat' dir='ltr'><em>vel</em></span> <span class='ocrx_word' id='word_1_260' title='bbox 1337 2879 1427 2934; x_wconf 85' lang='grc' dir='ltr'><em>πρὸ</em></span> <span class='ocrx_word' id='word_1_261' title='bbox 1459 2885 1542 2922; x_wconf 84' lang='grc' dir='ltr'><em>τοῦ</em></span> <span class='ocrx_word' id='word_1_262' title='bbox 1575 2878 1677 2921; x_wconf 85' lang='lat' dir='ltr'><strong>coni</strong></span> <span class='ocrx_word' id='word_1_263' title='bbox 1710 2877 1805 2922; x_wconf 75' lang='lat' dir='ltr'><em>Not</em></span> 
     </span>
    </p>

    <p class='ocr_par' dir='ltr' id='par_1_12' title="bbox 233 2935 510 2978">
     <span class='ocr_line' id='line_1_31' title="bbox 233 2935 510 2978; baseline 0.007 -3"><span class='ocrx_word' id='word_1_264' title='bbox 233 2937 287 2975; x_wconf 93' lang='lat'><em>10</em></span> <span class='ocrx_word' id='word_1_265' title='bbox 318 2950 343 2976; x_wconf 87' lang='grc' dir='ltr'><em>τ</em></span> <span class='ocrx_word' id='word_1_266' title='bbox 372 2950 419 2978; x_wconf 85' lang='grc' dir='ltr'><em>τε</em></span> <span class='ocrx_word' id='word_1_267' title='bbox 491 2935 510 2977; x_wconf 78' lang='lat' dir='ltr'><strong>i</strong></span> 
     </span>
    </p>
   </div>
  </div>
 </body>
</html>
