2026 3192
468 117 740 164 ACHILLIS
774 119 855 164 AD
889 119 1122 164 ULIXEM
1153 119 1486 166 ANTILOGIA
1699 122 1806 175 355

114 255 384 322 αὐτόπτης
422 255 731 325 γεγένησαι,
770 257 831 310 τὸ
873 257 934 310 δὲ
972 254 1101 310 καθ’
1147 257 1287 325 ἡμᾶς
1326 265 1491 311 τοῦτο
1531 260 1682 320 τίνος
1720 272 1807 311 σοι

112 344 367 412 φαίνεται
408 353 655 414 σημεῖον,
696 344 935 413 ἀπέστην
976 353 1074 399 τοῦ
1115 355 1419 416 συμμαχεῖν
1457 347 1549 399 καὶ
1587 350 1806 417 Μυρμι-

111 432 269 495 δόνες
316 431 599 502 ἀργοῦσιν.
655 431 833 502 ἐξάγει
888 434 949 487 δὲ
1003 434 1187 498 οὐδεὶς
1241 436 1487 497 ἄκοντας.
1543 435 1697 503 ἥκετε
1745 433 1805 489 δὲ

109 521 265 589 ὑμεῖς
305 522 691 591 ἱκετεύσοντες,
732 523 833 576 οὐκ
866 521 1223 587 ἐπιτάξοντες.
1264 523 1292 577 ὁ
1327 521 1386 576 δὲ
1418 527 1579 595 πείρα
1614 522 1620 595 Ι
1701 530 1822 574 RIV
1841 534 1894 573 77

110 612 248 680 πρὸς
285 613 416 673 τοὺς
442 609 712 680 Ἕλληνας
750 612 1029 680 χρώμενος
1068 613 1157 665 καὶ
1204 611 1330 680 περὶ
1378 610 1479 679 μὲν
1526 622 1705 681 φυγῆς
1747 613 1806 666 ἐν
1854 635 1873 667 5

109 699 254 771 μέσῳ
293 710 605 770 παραινῶν,
657 701 751 754 διὰ
790 701 851 753 δὲ
889 709 1002 754 τῶν
1041 700 1329 770 ἡγεμόνων
1368 711 1479 755 τῶν
1517 717 1805 756 κατεσκευ-

109 787 362 859 ασμένων
401 789 549 862 αὐτῷ
597 790 699 858 τὴν
746 789 924 859 ὁρμὴν
969 790 1224 858 κωλύων,
1280 789 1369 843 καὶ
1411 801 1667 861 φανερῶς
1704 789 1805 859 μὲν

110 878 176 932 οὐ
239 883 459 946 τολμῶν
520 878 554 932 ἃ
617 887 817 950 φρονεῖ
877 878 1090 948 λέγειν,
1165 878 1327 950 τέχνῃ
1397 877 1458 933 δὲ
1528 881 1806 950 χρώμενος

107 968 245 1037 πρὸς
297 969 360 1022 τὸ
415 973 633 1037 πλῆθος
685 967 930 1037 μεγάλην
983 988 1044 1036 γε
1098 967 1189 1021 καὶ
1245 971 1506 1037 γενναίαν
1559 970 1662 1039 τὴν
1719 971 1804 1023 δε-

108 1060 369 1110 σποτείαν
417 1056 687 1125 ἐμφαίνει.
780 1057 866 1110 89.
907 1056 1037 1128 ὁρᾷς
1084 1058 1156 1120 ὡς
1204 1056 1317 1111 οὔτ’
1366 1058 1575 1121 ἐκεῖνος
1624 1059 1802 1112 πάντα
1829 1081 1872 1113 10

106 1147 353 1200 κελεύειν
421 1148 614 1217 κύριος
682 1147 900 1209 τούτοις
968 1165 1026 1200 τε
1094 1145 1264 1200 πάνθ’
1342 1147 1636 1218 ὑπηρετεῖν
1704 1149 1806 1201 οὐκ

107 1234 343 1306 ἀνάγκη,
404 1237 761 1305 βουληθῆναί
827 1254 888 1304 γε
953 1236 1063 1288 ἔδει
1133 1234 1224 1289 καὶ
1288 1233 1457 1289 οὐδὲν
1518 1236 1588 1290 ἂν
1647 1236 1805 1308 ὑβρί-

108 1337 267 1393 σμην.
322 1325 370 1377 εἰ
420 1324 543 1394 γάρ,
582 1325 745 1392 ἡνίκα
783 1325 884 1394 τὴν
924 1323 1220 1394 ἀφαίρεσιν
1257 1325 1494 1394 ἠπείλει,
1533 1327 1635 1395 τὴν
1673 1324 1804 1379 ἀπό-

108 1427 303 1466 στασιν
371 1414 518 1482 παρὰ
588 1423 698 1466 τῶν
762 1412 951 1467 ἐθνῶν
1020 1413 1350 1483 ἀντήκουσε,
1424 1416 1665 1485 σώφρων
1734 1415 1803 1468 ἂν

107 1502 322 1570 ἐγένετο
362 1510 437 1575 τῷ
472 1505 647 1574 φόβῳ.
686 1511 794 1556 νῦν
836 1499 884 1555 δ’
932 1501 1037 1572 ἐγὼ
1086 1501 1190 1570 μὲν
1234 1504 1592 1574 ἠτιμαζόμην,
1640 1504 1699 1557 οἱ
1740 1501 1802 1556 δὲ
1828 1527 1869 1559 15

107 1589 373 1644 ἐσιώπων.
440 1589 531 1644 καὶ
592 1593 693 1644 τὸν
751 1591 854 1660 μὲν
915 1593 1146 1662 Χρύσην
1208 1592 1462 1646 ἐκέλευον
1523 1594 1802 1646 αἰδεῖσθαι

106 1684 284 1742 καλῶς
323 1700 385 1749 γε
424 1688 734 1749 ποιοῦντες,
773 1678 914 1752 ὑπὲρ
946 1681 1102 1751 ἡμῶν
1143 1679 1202 1734 δὲ
1237 1681 1303 1734 οὐ
1335 1683 1431 1744 τὰς
1463 1683 1630 1745 αὐτὰς
1661 1681 1801 1751 ἀφῆ-

105 1789 207 1822 καν
247 1771 440 1839 φωνὰς
479 1766 599 1823 οὐδ’
647 1772 696 1824 εἰ
733 1768 908 1840 μηδὲν
945 1780 1058 1824 τῶν
1097 1772 1304 1838 ἄλλων,
1353 1771 1529 1840 αὐτὴν
1567 1773 1669 1840 τὴν
1707 1780 1802 1841 τῆς

224 1980 250 2018 5
282 1975 333 2020 Il.
367 1977 396 2035 β
428 1981 513 2020 140
658 1982 683 2020 6
719 1976 770 2021 11.
804 1978 833 2036 β
867 1981 950 2021 186
970 1988 1036 2033 sq.
1184 1983 1238 2022 16
1277 1978 1329 2022 Il.
1364 1996 1393 2022 α
1427 1983 1482 2022 22
1516 1978 1574 2023 cf.
1606 1978 1799 2022 Aris‘cid.

107 2049 151 2090 p.
178 2039 279 2091 589,
297 2040 352 2080 20
370 2050 437 2091 sq.

222 2234 249 2272 4
267 2229 551 2280 ἱκετεύοντες
566 2230 703 2275 Laur
729 2232 735 2286 Ι
763 2238 902 2286 πεῖρα
922 2231 1022 2276 Gan
1129 2235 1153 2274 6
1170 2230 1442 2288 ἡγουμένων
1459 2231 1595 2275 Laur
1622 2233 1628 2288 Ι
1655 2247 1797 2275 κατα-

106 2287 427 2392 σκευασμέὸνων
444 2290 489 2332 Β
551 2289 1021 2347 κατασκευαζομένων
1045 2290 1148 2334 Mor
1208 2291 1671 2347 μετασκευαζομένων
1698 2291 1798 2335 Can

344 2365 463 2405 ομην

224 2411 247 2450 7
282 2408 452 2465 βουλὴν
485 2409 531 2452 Β
666 2412 692 2450 9
725 2424 774 2465 γε
807 2409 971 2465 scripsi
1003 2410 1192 2453 auctore
1226 2408 1292 2451 Re
1352 2424 1400 2452 τε
1431 2408 1541 2452 libri
1573 2409 1663 2452 edd

106 2469 161 2508 10
192 2465 438 2522 ἐμφαίνειν
460 2467 596 2512 Laur
643 2472 650 2524 Ι
699 2468 785 2512 οὐκ
811 2468 911 2513 Can
1046 2473 1097 2511 11
1132 2467 1306 2512 κελεύει
1332 2468 1432 2512 Can
1481 2472 1487 2522 1
1535 2468 1718 2518 τούτοις
1747 2469 1797 2511 in

103 2537 177 2567 ras
219 2526 263 2570 V
314 2533 412 2578 τοῖς
442 2527 586 2571 ΗΜα
613 2528 619 2582 Ι
648 2525 699 2572 δὲ
733 2527 822 2572 Μα
880 2527 933 2572 τὸ
974 2528 1033 2572 Vi
1154 2531 1207 2570 12
1248 2521 1306 2582 ἦν
1339 2529 1448 2571 ante
1480 2527 1662 2585 ἀνάγκη
1697 2528 1796 2573 C'an

109 2582 114 2640 Ι
147 2583 195 2628 τὲ
226 2585 572 2631 HVLaViCan
607 2588 613 2643 Ι
653 2584 888 2644 ὑβρίσθην
922 2588 1022 2633 Gan
1144 2591 1198 2630 13
1230 2585 1407 2642 ἠπείλει
1440 2587 1528 2630 Μα
1560 2587 1641 2631 sed
1674 2589 1715 2631 ιλ
1745 2587 1795 2630 in

32 2693 44 2704 ι
103 2655 178 2686 ras
208 2643 279 2686 m⁸
345 2643 510 2701 ἡπόλει
544 2647 643 2689 Can
787 2650 843 2688 14
874 2647 982 2702 περὶ
1015 2647 1090 2690 La
1122 2645 1203 2689 sed
1235 2661 1256 2689 ε
1288 2647 1336 2688 et
1367 2662 1384 2689 ι
1416 2659 1518 2690 eras
1560 2647 1567 2702 Ι
1610 2646 1794 2703 ἐχθρῶν

104 2701 237 2747 Laur
263 2706 269 2758 Ι
297 2703 554 2759 ἀντήκουσε
586 2704 751 2760 scripsi
813 2704 1098 2760 ἀντήκουσεν
1132 2706 1216 2748 VB
1250 2705 1340 2748 edd
1402 2704 1669 2759 ἀντήκουσα
1695 2706 1795 2750 Can

162 2761 391 2816 ἀντήκουε
432 2765 579 2808 ῩίΜα
640 2762 898 2818 ἀντήκουεν
930 2765 1196 2809 HLaLaur
1236 2764 1243 2821 Ι
1286 2771 1542 2821 σωφρονῶν
1574 2765 1676 2808 Μοι·

106 2823 160 2861 15
192 2821 243 2865 δὲ
276 2822 513 2868 LaurCan
637 2827 688 2866 17
724 2823 774 2866 δὲ
810 2824 992 2868 VLaVi
1018 2825 1024 2879 Ι
1053 2823 1103 2868 δὲ
1137 2837 1210 2867 om
1237 2824 1412 2867 HVLa
1424 2824 1479 2867 Vi
1507 2826 1512 2876 Ι
1541 2825 1596 2867 οὐ
1629 2823 1792 2880 scripsi

104 2890 129 2920 ο
152 2879 288 2925 Lam·
347 2879 456 2926 οὐδὲ
488 2881 658 2938 reliqui
681 2881 792 2925 libri
816 2882 908 2927 odd
1030 2887 1083 2926 18
1118 2882 1227 2926 οὐδὲ
1253 2883 1387 2926 Laur
1413 2884 1419 2938 Ι
1447 2882 1594 2939 αὐτὴν
1618 2882 1791 2926 inserui

104 2948 159 2979 ox
191 2938 247 2982 H
252 2939 365 2983 VLa
376 2941 708 2986 ViMaBLawr
778 2955 854 2985 om
888 2942 987 2986 Gan
1019 2941 1109 2985 edd

1348 3016 1433 3060 23*
