2026 3192
912 633 975 686 V.

211 767 444 830 ΠΡΟΣ
492 768 669 831 TON
717 769 1170 831 ΟΔΤΣΣΕΩΣ
1215 769 1330 830 EN
1377 768 1677 830 ΛΙΤΑΙΣ

339 872 1014 934 ΠΡΕΣΒΕΤΤΙΚΟΝ
1059 872 1541 935 ΑΝΤΙΑΟΓΙΑ

702 975 1178 1038 ΑΧΙΛΛΕῼΣ.

205 1108 250 1160 1.
269 1106 391 1161 Ὅτε
414 1118 638 1178 πρῶτον
659 1108 801 1176 ὑμᾶς
825 1105 978 1162 εἶδον
1002 1107 1091 1163 ε’πὶ
1116 1110 1212 1173 τὰς
1233 1110 1417 1180 θύρας
1443 1110 1606 1178 ἥκον-
1681 1114 1800 1158 RIV
1819 1119 1874 1158 47

91 1216 204 1265 τας,
237 1192 279 1249 ὦ
315 1198 599 1266 σοφώτατε
626 1195 907 1268 Ὀδυσσεῦ,
945 1197 1236 1267 ἡγησάμην
1276 1197 1381 1262 ὀψέ
1418 1217 1551 1252 ποτε
1589 1219 1783 1252 κοινω-
1832 1220 1852 1253 5

88 1287 223 1348 νοὺς
254 1285 499 1354 ἀφῖχθαί
525 1306 620 1353 μοι
651 1294 746 1355 τῆς
778 1285 864 1355 ἐφ’
904 1278 987 1350 οἷς
1026 1287 1309 1357 ὑβρίσθην
1349 1286 1516 1357 ὀργῆς
1554 1286 1645 1340 καὶ
1683 1295 1783 1340 τοῦ

88 1393 150 1441 γε
190 1377 388 1428 λοιποῦ
427 1373 552 1444 μεθ’
598 1375 755 1444 ἡμῶν
794 1376 1216 1444 συνδιατρίψειν
1253 1384 1347 1445 τῆς
1378 1374 1784 1446 Ἀγαμέμνονος

88 1463 383 1533 βδελυρίας
423 1463 650 1528 εἰσάπαξ
688 1466 1110 1532 κατεγνωκότας.
1149 1467 1266 1534 καί,
1315 1466 1388 1534 μὰ
1427 1467 1557 1528 τοὺς
1595 1466 1782 1532 θεούς,

209 1623 268 1669 Cr
363 1647 419 1662 =
445 1624 601 1669 Codex
630 1624 1085 1681 Hierosolymitanus
1118 1625 1161 1670 S.
1189 1624 1347 1670 Crucis
1379 1630 1435 1670 57

210 1683 261 1726 H
366 1706 421 1721 =
446 1684 900 1740 Hierosolymitanus
934 1684 977 1729 S.
1011 1684 1223 1743 Sepulcri
1256 1689 1340 1729 107

214 1743 258 1785 V
364 1766 419 1781 =
451 1743 702 1787 Vaticanus
734 1757 801 1800 gr.
828 1747 914 1787 940

208 1803 269 1846 Μ
364 1825 420 1839 =
445 1802 710 1846 Marcianus
742 1817 809 1861 gr.
835 1807 920 1847 439

205 1862 282 1905 La
362 1884 417 1898 =
442 1862 785 1907 Laurentianus
818 1862 942 1906 LVII
963 1867 1021 1906 44

215 1922 271 1965 Vi
362 1944 417 1958 =
443 1921 820 1966 Vindobonensis
850 1921 966 1978 phil.
993 1927 1048 1966 82

205 1980 296 2024 Ma
360 2003 415 2017 =
440 1981 730 2025 Matritensis
761 1980 805 2024 N
821 1986 876 2024 49

204 2039 251 2083 Β
283 2093 285 2096 .
358 2062 413 2076 =
438 2039 720 2084 Barberinus
750 2040 794 2084 Π
816 2045 871 2084 41

207 2099 307 2143 Gan
360 2121 416 2135 =
441 2099 725 2143 Bodleianus
758 2098 1101 2145 Canonicianus
1126 2105 1182 2145 84

204 2158 338 2203 Lawr
358 2180 414 2195 =
438 2158 779 2203 Laurentianus
810 2158 1020 2204 LXXXV
1045 2165 1070 2203 9

207 2310 229 2349 1
271 2305 402 2362 Πρὸς
427 2332 479 2339 -
506 2304 728 2364 Ἀχιλλέως
771 2306 936 2363 scripsi
975 2321 1032 2351 ex
1062 2308 1192 2353 HLa
1224 2308 1307 2352 sed
1344 2308 1394 2351 in
1432 2308 1520 2353 hoc
1559 2308 1778 2367 ἀχιλλέως

0 2344 7 2364 ⁸
86 2377 175 2418 om,
195 2364 295 2410 Can
355 2363 579 2423 Ἀχιλλέως
594 2366 712 2422 πρὸς
727 2391 783 2399 --
801 2365 1041 2424 ἀντιλογία
1066 2367 1157 2410 edd
1219 2367 1337 2423 πρὸς
1358 2367 1442 2412 τὸν
1466 2366 1697 2419 ὀδυσσέως
1726 2368 1776 2413 ἐν

0 2431 2 2434 ’
87 2424 233 2474 λιταῖς
263 2422 456 2482 πρέσβιν
488 2423 732 2481 ἀντιλογία
770 2425 986 2483 ἀχιλλέως
1017 2427 1078 2469 Μ
1087 2428 1144 2471 Vi
1218 2424 1448 2483 ἀπολογία
1485 2426 1616 2483 παρὰ
1651 2428 1775 2485 &222-

0 2506 3 2518 :
78 2479 195 2534 λέως
236 2483 354 2538 πρὸς
394 2484 476 2528 τὸν
521 2482 750 2535 ὀδυσσέως
790 2483 1122 2542 πρεσβευτικόν
1159 2487 1205 2530 Β
1279 2483 1492 2544 λιβανίου
1534 2485 1775 2543 ἀντιλογία

85 2538 199 2596 παρ’
234 2540 452 2600 ἀχιλλέως
481 2543 599 2598 πρὸς
630 2542 828 2588 ὀδυσσέα
860 2544 1174 2602 πρεσβεύοντα
1206 2544 1483 2589 ἀποθέσθαι
1519 2545 1604 2602 τὴν
1635 2552 1774 2602 μῆνιν

85 2600 220 2644 Lawr
279 2599 609 2658 Ἀντιρρητικὸς
638 2603 756 2658 πρὸς
785 2603 868 2647 τὸν
898 2603 1284 2661 προηγησάμενον
1320 2602 1533 2662 λιβανίου
1568 2605 1656 2648 Μα

85 2662 111 2701 5
142 2661 250 2715 post
282 2660 478 2705 ὀδυσσεῦ
508 2675 583 2704 ras
616 2666 641 2704 2
674 2661 754 2705 litt
787 2662 886 2707 Can
1008 2667 1030 2705 7
1066 2678 1116 2719 γε
1148 2663 1274 2707 inser
1302 2663 1413 2708 Ma²
1451 2667 1457 2719 Ι
1495 2681 1551 2721 γρ
1583 2666 1773 2709 omrem-

84 2716 258 2776 τρίβειν
291 2733 507 2775 suprascr
539 2719 651 2764 Ma²
682 2722 732 2764 et
759 2721 810 2764 in
844 2734 979 2778 marg
1010 2721 1112 2765 Mor
1139 2724 1145 2777 Ι
1178 2728 1260 2778 τῆς
1283 2749 1339 2754 -—
1366 2727 1391 2766 8
1424 2721 1772 2781 κατεγνωκότας

2 2791 3 2794 ’
82 2777 351 2832 praemissis
384 2777 536 2823 verbis
566 2778 791 2837 Λιβάνιος
823 2779 871 2824 ἐν
895 2777 1056 2839 μελέτῃ
1081 2788 1135 2839 τῇ
1158 2779 1262 2826 Ὅτε
1285 2789 1469 2837 πρῶτον
1494 2783 1613 2838 ὑμᾶς
1643 2777 1771 2826 εἶδον

84 2833 201 2879 citat
222 2835 383 2880 Thom.
409 2837 471 2882 M.
497 2851 531 2881 S.
548 2853 588 2882 v.
623 2839 850 2892 καθάπαξ
875 2854 918 2895 p.
947 2843 1047 2895 217,
1067 2840 1174 2883 19R
1204 2839 1445 2894 εἰσάπαξ
1478 2840 1530 2885 δὲ
1562 2841 1642 2884 καὶ
1666 2841 1770 2884 ἀντὶ

82 2900 165 2937 τοῦ
197 2894 344 2949 ἅπαξ
375 2896 454 2940 καὶ
487 2897 592 2941 ἀντὶ
622 2905 704 2941 τοῦ
736 2901 1020 2948 παντελῶς
1051 2900 1129 2943 καὶ
1163 2898 1358 2946 διόλου
1487 2903 1515 2943 8
1546 2900 1614 2944 εἰσ
1646 2898 1769 2952 ἅπαξ

83 2952 211 2997 HLa
243 2953 300 2998 cf.
331 2970 377 3010 p.
406 2960 547 3010 71‚15
