2026 3192
236 133 339 186 198
706 133 933 177 LIBANH
963 95 1352 178 DECLAMATIO
1385 134 1448 178 ΙΠ

232 275 503 322 sententias
550 273 695 321 modo
736 273 832 322 sibi
870 275 1069 336 putavit
1108 274 1474 338 appendendas,
1506 290 1604 322 non
1636 275 1793 323 solum
1828 275 1922 323 ele-

231 363 354 412 gans
386 348 474 407 est,
507 347 592 395 sed
624 348 775 395 etiam
799 349 911 394 eum
944 347 1043 395 fere
1067 347 1217 396 verba
1248 350 1380 395 recte
1410 349 1709 397 intellexisse
1740 348 1920 411 prodit.

342 421 483 468 Nihil
512 422 669 486 igitur
699 420 979 469 mirandum
1011 421 1145 483 quod
1186 421 1315 470 Fed.
1347 422 1635 470 Morellus
1667 422 1776 470 Lib.
1809 439 1920 485 opp.

231 498 265 544 t.
291 495 317 543 I
347 512 394 558 p.
425 496 712 544 189—199
743 489 822 562 (=
839 489 972 559 Mor)
1012 496 1289 544 versionem
1327 496 1525 544 Erasmi
1562 496 1761 558 recepit.
1826 496 1922 544 Sed

231 571 383 617 etiam
409 585 517 617 eam
548 570 768 630 retinuit,
799 570 886 618 ubi
918 569 978 618 ab
1012 572 1117 618 eius
1151 586 1324 634 graeco
1357 571 1497 618 textu
1522 572 1736 619 recessit.
1790 571 1923 619 Nam

231 659 537 705 quamquam
575 645 726 691 etiam
763 643 894 692 hunc
933 643 1308 692 fundamentum
1353 659 1470 692 suae
1515 643 1745 692 editionis
1788 646 1922 705 fecit,

230 720 287 764 ut
318 718 397 765 vel
430 733 454 764 e
485 717 609 766 vitio
642 718 788 779 quale
821 716 1016 767 οἴεσθαι
1053 734 1144 780 pro
1166 717 1349 766 -οἴεσθε
1380 735 1429 780 p.
1457 719 1578 780 206,
1599 722 1661 766 11
1701 725 1923 780 apparet,

229 795 397 839 tamen
428 792 600 839 multis
628 792 748 839 locis
775 793 986 840 correxit
1010 794 1059 839 et
1081 792 1367 854 protheoria
1391 793 1530 840 auxit
1542 786 1584 859 ¹)
1608 808 1724 840 usus
1757 793 1922 841 codice

229 865 456 914 Parisino
484 859 696 931 3014,2)
731 882 755 913 e
785 882 882 928 quo
915 867 1067 914 etiam
1097 866 1280 915 multas
1311 866 1546 915 lectiones
1569 868 1839 929 praemisso
1863 885 1922 932 γρ
2016 911 2018 914 ,

228 940 282 987 in
313 940 538 1003 margine
568 941 750 1002 posuit,
782 942 832 988 et
862 939 1088 988 Parisino
1123 941 1264 989 2988
1299 934 1383 1007 (cf.
1415 957 1462 1002 p.
1492 941 1595 989 195
1614 935 1723 1007 sq.)

340 1013 648 1062 Reiskius
681 1008 761 1081 (=
786 1007 882 1080 Re)
914 1017 1108 1062 textum
1139 1014 1486 1062 Morellianum
1517 1016 1769 1063 nonnullis
1800 1015 1921 1063 locis

230 1105 288 1134 ex
326 1087 616 1149 Auyustano
654 1089 861 1136 secundo
907 1089 958 1135 id
1006 1091 1079 1137 est
1125 1089 1408 1136 Monacensi
1455 1105 1525 1152 gr.
1560 1090 1667 1137 490
1708 1082 1779 1154 (p.
1817 1090 1919 1137 162

228 1178 275 1208 n.
303 1155 411 1229 24),
444 1162 563 1210 item
595 1163 760 1211 codice
791 1165 1061 1211 recentiore
1101 1165 1150 1210 et
1180 1163 1363 1224 peioris
1395 1165 1555 1224 notae,
1586 1163 1719 1211 haud
1750 1165 1921 1225 paucis

230 1252 286 1284 ex
324 1237 524 1299 ingenio
565 1237 867 1297 emendavit,
914 1237 1117 1285 Reiskia
1158 1231 1215 1303 (t.
1241 1236 1314 1284 IV
1343 1254 1390 1298 p.
1421 1230 1625 1303 1—14)
1665 1253 1782 1286 vero
1820 1238 1921 1285 fere

227 1311 419 1358 textum
449 1311 797 1377 Morellianum
826 1311 978 1373 prelis
1010 1310 1220 1359 subiecit
1258 1313 1308 1358 et
1347 1310 1712 1359 emendationes
1751 1312 1922 1359 mariti

229 1384 282 1431 in
312 1386 457 1433 notas
491 1385 755 1448 ablegavit.

340 1458 594 1507 Nonnulla
622 1453 1113 1525 Boissonadius3)
1148 1475 1172 1507 e
1197 1459 1425 1507 Parisino
1458 1476 1529 1523 gr.
1557 1461 1660 1508 963
1696 1461 1920 1523 correxit,

231 1532 331 1579 alia
372 1533 796 1582 Fr.1aeobs1us
842 1533 895 1580 in
933 1533 1300 1581 Additamentis
1340 1533 1824 1582 animadversionum
1868 1535 1921 1581 in

229 1606 475 1654 Athenaei
514 1607 957 1669 Deipnosophistas
998 1602 1166 1674 (Ienae
1202 1600 1369 1674 1809)
1404 1601 1483 1674 (=
1508 1601 1668 1674 Add>‚
1709 1603 1920 1656 Lectio-

229 1676 393 1728 nibus'
441 1675 844 1748 manuscriptis4)
900 1674 980 1746 (=
1005 1676 1149 1748 Lect)
1205 1682 1413 1743 aliisque
1466 1682 1610 1742 locis,
1663 1682 1919 1749 Augustus

231 1753 397 1803 &astla
411 1747 469 1821 ⁵),
503 1754 714 1803 Cobetus
746 1756 1142 1804 emendaverunt.

233 1971 241 1977 ·
350 1914 391 1968 1)
424 1911 556 1955 Hanc
589 1911 638 1954 in
671 1911 926 1967 exemplari
959 1913 1084 1967 quod
1107 1911 1324 1956 manibus
1356 1912 1521 1955 habuit
1546 1911 1747 1955 defuisse
1780 1911 1919 1955 verba

228 1985 332 2026 ipsa
363 1971 462 2014 eius
494 1972 745 2015 testantur:
780 1969 1077 2027 Προθεωρία.
1141 1973 1272 2015 Haec
1301 1985 1427 2015 mmo
1448 1972 1654 2027 primum
1685 1985 1707 2015 e
1736 1972 1920 2016 vetustis

232 2030 368 2074 Godd.
388 2031 498 2087 Rey.
521 2030 766 2075 Suasoriae
785 2031 990 2074 Menelai
1013 2031 1150 2088 leyati
1165 2031 1227 2074 ad
1249 2031 1470 2075 Troianos
1487 2032 1818 2087 praeposita
1841 2036 1916 2075 est.

347 2092 392 2203 ἓξ
425 2088 491 2192 (ἐξ.
525 2103 761 2205 {uprgw
695 2105 739 2146 p.
767 2093 835 2133 10.

348 2209 392 2264 4)
432 2206 497 2251 Cf.
538 2210 574 2251 t.
597 2208 689 2264 Ip
695 2212 785 2251 ,76
804 2223 870 2264 sq.
933 2208 1105 2252 Eorum
1149 2221 1269 2264 quae
1310 2207 1411 2251 illic
1454 2207 1645 2264 exposui
1689 2207 1727 2250 si
1771 2220 1920 2264 nuper

228 2279 404 2310 memor
434 2266 600 2311 fuisset
630 2266 715 2310 Iul.
747 2267 911 2311 Nicole
944 2267 1099 2311 Herm.
1125 2267 1268 2310 XLIII
1300 2282 1343 2323 p.
1365 2271 1464 2322 229,
1498 2268 1544 2311 et
1575 2266 1710 2359 plura
1742 2269 1789 2309 et
1819 2279 1918 2310 rec-

227 2324 865 2442 t10ra5frffbgfggpgfflgaoe
911 2386 1145 2442 gymnasii
1191 2385 1479 2430 Lubanensis
1520 2398 1640 2428 anno
1678 2389 1791 2428 1874
1832 2384 1916 2427 sub

228 2442 387 2544 33³3:
394 2444 677 2559 ἐᾶῇξὶίῑξοὶῖθ
695 2444 1050 2501 Bemerkungen
1075 2460 1129 2488 zu
1157 2445 1246 2490 den
1270 2443 1649 2489 Declamationen
1677 2444 1756 2486 des
1782 2442 1916 2486 Liba·
