2026 3192
232 115 340 166 376
708 111 934 156 LIBANII
966 111 1353 156 DECLAMATIO
1387 111 1450 154 VI

235 248 681 318 ἐπιτηδευμάτων
720 247 810 302 καὶ
842 247 1126 316 μεταβάλω
1167 250 1297 311 τοὺς
1338 249 1536 316 λόγους
1575 251 1654 311 εἰς
1693 250 1922 318 δάκρυα,

143 344 263 388 RIV
283 349 366 387 114
413 340 485 406 μή
523 358 589 405 με
627 341 872 406 νομίζειν
911 337 1209 406 ἀποφυγήν
1247 357 1372 390 τινα
1418 338 1554 407 πρὸς
1593 340 1870 408 σωτηρίαν
1913 337 1919 408 Ι

233 429 325 480 διὰ
363 428 579 480 τούτων
617 432 931 497 θηρᾶσθαι,
977 427 1179 480 τούτου
1224 427 1329 495 γὰρ
1377 427 1555 494 ἥττων
1603 426 1720 495 ε’μοὶ
1760 429 1923 495 λόγος

233 517 405 579 οὕτως
443 517 753 586 ἠτυχηκότι,
794 516 931 568 ἀλλὰ
969 514 1232 583 γενέσθαι
1272 514 1396 585 περὶ
1429 517 1494 568 τὰ
1534 516 1818 583 συμβάντα
1859 524 1922 586 τῇ

187 629 207 661 5
233 607 454 675 διανοίᾳ
493 604 583 658 καὶ
623 615 850 658 σκοπεῖν
889 604 1024 658 ὅσον
1062 605 1122 657 τὸ
1163 603 1399 673 μέγεθος
1439 614 1551 657 τῶν
1589 605 1923 673 πραγμάτων

232 693 293 748 ἐν
332 688 414 758 οἷς
451 695 787 763 ἠδικήμεθα,
837 694 910 756 ὡς
956 694 1094 762 μηδὲ
1140 695 1268 756 τοὺς
1315 692 1440 762 περὶ
1490 693 1674 746 αὐτῶν
1725 695 1924 762 λόγους

231 782 498 852 ἀδακρυτὶ
540 785 869 852 διηγεῖσθαι.
918 782 1050 847 λέξω
1093 781 1142 834 δ’
1188 783 1323 852 ἅπερ
1366 781 1498 850 ἐμοῦ
1538 787 1749 851 μᾶλλον
1787 784 1923 836 πάν-

230 893 317 936 τες
357 873 668 926 ἐπίστασθε.
709 874 756 926 εἰ
797 872 862 925 δέ
894 893 946 925 τι
979 875 1298 942 παραλείψω
1331 881 1442 924 τῶν
1474 873 1731 940 εἰρῆσθαι
1772 873 1923 925 δεόν-

230 982 343 1014 των
388 961 421 1030 ἢ
471 961 653 1030 λέγειν
706 962 1036 1028 αἰδούμενος
1084 960 1116 1028 ἢ
1173 959 1578 1030 συγκεχυμένος
1623 967 1699 1032 τῷ
1752 960 1922 1014 πάθει

165 1075 208 1107 ιο
231 1052 332 1119 τὴν
371 1052 622 1119 γνώμην,
661 1051 930 1119 ὑμέτερον
970 1050 1039 1103 ἂν
1078 1055 1160 1118 εἴη
1202 1060 1427 1103 σκοπεῖν
1475 1050 1542 1103 οὐ
1582 1053 1827 1119 χαλεπῶς
1866 1049 1924 1103 ἐκ

230 1148 343 1193 τῶν
382 1139 685 1209 εἰρημένων
723 1141 789 1193 τὰ
831 1139 1134 1209 τιμηθέντα
1173 1147 1314 1209 σιγῇ.
1779 1186 1788 1196 .

343 1229 391 1282 ὃ.
425 1227 481 1282 Ὁ
520 1230 624 1300 γὰρ
666 1227 793 1298 ἐμὸς
827 1231 1022 1299 πατήρ,
1063 1225 1103 1282 ὦ
1145 1229 1359 1297 ἄνδρες,
1400 1229 1492 1280 ἵνα
1531 1229 1626 1291 τὰς
1664 1226 1925 1297 ἡμετέρας

231 1319 398 1388 τύχας
438 1319 660 1371 ἄνωθεν
701 1319 1070 1391 διηγήσωμαι,
1122 1314 1192 1386 ἧν
1237 1315 1337 1387 μὲν
1386 1317 1616 1387 εὐτυχὴς
1661 1315 1752 1369 καὶ
1794 1321 1924 1385 λαμ-

230 1409 391 1477 πρός,
429 1407 579 1460 ’ἀλλὰ
624 1408 690 1460 τὰ
735 1417 924 1477 πρῶτα
970 1415 1069 1461 τοῦ
1118 1410 1260 1475 βίου.
1315 1405 1461 1474 γένει
1516 1426 1572 1459 τε
1624 1407 1727 1475 γὰρ
1776 1405 1924 1477 αὐτῷ

164 1520 207 1554 15
232 1506 465 1567 φρονεῖν
496 1496 704 1565 ὑπῆρχε
735 1497 1019 1549 Τάνταλον
1051 1498 1231 1565 ἔχοντι
1255 1499 1550 1566 πρόγονον,
1576 1494 1648 1558 ὡς
1680 1494 1745 1548 δέ
1772 1509 1924 1564 φασι,

231 1586 322 1638 καὶ
361 1586 459 1638 τὸν
498 1589 627 1654 Δία,
667 1586 755 1639 καὶ
796 1587 1079 1654 βασιλείας
1111 1583 1389 1654 ἐκοσμεῖτο
1421 1583 1662 1653 μεγέθει.
1701 1584 1790 1636 καὶ
1830 1586 1924 1652 γή-

231 1694 395 1741 μαντι
435 1674 512 1742 δέ,
554 1675 626 1737 ὡς
657 1677 863 1744 μήποτε
895 1675 1091 1750 ὤφελε,
1129 1673 1320 1736 παῖδές
1350 1693 1408 1726 τε
1440 1669 1576 1741 ἦμεν
1607 1673 1802 1726 πολλοὶ
1833 1670 1923 1725 καὶ

232 1764 265 1832 ἡ
306 1764 447 1832 γυνὴ
488 1763 621 1827 τέως
660 1761 982 1833 ἐσωφρόνει.
1021 1763 1111 1816 καὶ
1152 1764 1244 1816 διὰ
1275 1764 1451 1831 πάσης
1489 1761 1650 1832 ᾔδετο
1683 1762 1925 1830 γλώττης

355 1929 408 1967 13
441 1924 549 1968 Eur.
583 1923 657 1969 Or.
686 1929 737 1968 17
863 1929 917 1968 15
949 1923 1055 1967 Eur.
1088 1923 1161 1968 Or.
1191 1928 1215 1966 5
1340 1927 1392 1966 17
1426 1922 1532 1966 Eur.
1565 1922 1665 1979 Iph.
1699 1922 1752 1965 A.
1780 1926 1834 1964 70

355 2077 407 2116 12
441 2071 469 2128 ἡ
503 2073 713 2130 διήγησις
743 2071 866 2130 ἁπλῆ
901 2071 1012 2116 Ma²

355 2226 376 2264 1
411 2222 571 2265 καὶ-
598 2219 780 2273 δάκρυα
812 2220 938 2264 inser
964 2222 1043 2264 My
1077 2222 1084 2278 Ι
1111 2219 1349 2278 μεταβάλω
1383 2218 1548 2275 scripsi
1580 2233 1635 2262 ex
1668 2218 1924 2262 HVViMa

221 2280 290 2325 -Cl
350 2280 612 2339 μεταβάλλω
639 2280 918 2324 VaLaBMv
1031 2285 1055 2323 2
1072 2295 1119 2324 τε
1139 2281 1192 2324 Η
1201 2280 1243 2323 V
1263 2282 1269 2336 Ι
1297 2278 1413 2334 πρὸς
1430 2276 1656 2334 σωτηρίας
1673 2276 1924 2333 ἀποφυγὴν

233 2339 339 2384 τινὰ
365 2340 444 2384 διὰ
467 2341 644 2384 τούτων
668 2337 870 2395 νομίζειν
895 2342 1143 2396 θηρᾶσθαι
1167 2338 1269 2382 Mor
1389 2342 1414 2382 3
1439 2344 1575 2382 τοῦτο
1596 2337 1647 2382 Ol
1766 2341 1793 2379 4
1818 2335 1924 2391 περὶ

235 2400 401 2456 scripsi
434 2412 489 2443 ex
522 2399 625 2442 HV
680 2398 810 2452 παρὰ
840 2397 1010 2454 reliqui
1036 2398 1143 2442 libri
1175 2398 1257 2442 sed
1290 2397 1362 2441 del
1398 2399 1445 2441 οἱ)
1468 2397 1573 2450 περὶ
1604 2396 1654 2439 in
1684 2410 1817 2453 marg
1840 2409 1923 2451 pos

243 2458 323 2502 Vi2
355 2461 402 2503 et
431 2458 548 2514 πρὸς
579 2470 794 2514 suprascr
820 2457 943 2511 Ma’,
977 2458 1067 2501 edd.
1099 2457 1180 2500 sed
1205 2459 1390 2512 „malim
1421 2457 1555 2511 περὶ“
1581 2455 1647 2498 Re
1770 2461 1794 2497 ὃ
1821 2468 1923 2498 σκο-

235 2525 340 2563 πεῖν
369 2518 455 2561 Μα
487 2518 569 2562 sed
593 2535 648 2575 γρ
675 2524 884 2561 σκοπεῖτε
916 2516 965 2560 in
989 2531 1122 2573 marg
1145 2517 1215 2559 m²
1276 2523 1483 2559 σκοπεῖτε
1507 2515 1562 2558 H
1570 2515 1732 2559 VVaB
1745 2515 1801 2557 Vi
1823 2513 1925 2556 Mor

356 2581 380 2620 6
414 2576 474 2633 μὴ
507 2578 557 2621 δὲ
583 2576 977 2621 HVaBViMaCl
1100 2580 1123 2618 7
1157 2574 1208 2619 δὲ
1237 2576 1287 2620 Ol
1315 2577 1320 2631 Ι
1350 2574 1467 2628 ἅπερ
1495 2575 1583 2617 Μα
1615 2573 1696 2617 sed
1721 2572 1751 2616 ἅ
1775 2573 1824 2615 in
1847 2585 1923 2615 ras

235 2636 304 2679 m³
364 2635 479 2689 ὑπὲρ
507 2636 562 2680 ΟΖ
680 2640 705 2678 9
737 2633 765 2691 ἣ
799 2636 875 2679 La
924 2638 930 2692 Ι
981 2635 1256 2691 αἰδούμενος
1287 2637 1334 2677 ef,
1365 2632 1697 2691 συγκεχυμένος
1722 2632 1811 2675 Ma
1843 2631 1923 2675 sed

236 2711 288 2746 ος
317 2695 367 2738 in
397 2708 472 2738 ras
504 2694 574 2737 m⁸
696 2700 747 2738 11
781 2696 889 2750 post
921 2700 1023 2751 σιγῇ
1057 2693 1130 2738 lac
1165 2699 1189 2737 6
1222 2693 1301 2736 litt
1335 2694 1402 2738 Va
1525 2697 1577 2735 12
1612 2690 1830 2747 ὑμετέρας
1857 2691 1923 2734 Va

356 2759 410 2798 14
445 2754 587 2808 ,,ἀ).λὰ
618 2755 715 2798 sine
747 2754 884 2799 dubio
916 2759 1176 2809 corruptum
1215 2758 1303 2807 est,·
1339 2753 1561 2797 sentent-ia
1591 2752 1798 2807 postulat
1830 2748 1922 2800 εἰς“

236 2813 303 2857 Re
331 2815 336 2868 Ι
363 2829 411 2857 τε
429 2828 504 2858 om
531 2813 598 2857 Va
722 2818 774 2856 16
793 2813 943 2869 καὶ(2)
962 2826 1036 2855 om
1064 2813 1195 2856 VaM
1219 2812 1225 2870 Ι
1255 2810 1453 2868 ἐγήματο
1480 2811 1549 2854 Va
1671 2814 1722 2853 17
1749 2807 1923 2864 μήποτε

237 2872 424 2928 reposui
455 2885 480 2916 e
512 2871 643 2915 libris
706 2869 871 2928 μήποτ’
909 2871 1001 2916 edd
1125 2876 1177 2914 18
1210 2871 1238 2926 ἡ
1271 2884 1347 2914 om
1380 2872 1424 2915 B
1452 2872 1459 2926 Ι
1486 2869 1565 2913 καὶ
1589 2895 1645 2900 ——
1671 2872 1770 2919 377,
1790 2872 1812 2910 1
1840 2883 1923 2922 μυ-

238 2938 433 2987 κηναῖος
465 2931 581 2976 citat
604 2930 720 2975 Plan
749 2930 815 2975 fol
838 2935 946 2974 104*
973 2930 981 2988 Ι
1007 2927 1142 2986 ἥδετο
1169 2931 1226 2973 Vi
1250 2932 1258 2986 Ι
1285 2930 1486 2986 γλώσσης
1502 2928 1793 2973 HVaViMa
1808 2926 1923 2970 Plan
