2054 3192
283 138 387 190 128
755 137 985 181 LIBANII
1016 137 1408 182 DECLAMATIO
1440 139 1483 182 Π

279 278 533 341 τελευτῆς
581 283 794 326 σιωπᾶν
840 271 931 325 καὶ
979 274 1050 342 μὴ
1098 273 1452 342 διαλέγεσθαι
1491 273 1687 344 μηδενὶ
1727 274 1974 330 ἀποκτεί-

279 381 471 425 νοντες
504 362 674 414 αὐτὸν
704 360 796 414 καὶ
828 363 935 431 πρὸ
967 369 1067 415 τοῦ
1099 363 1349 415 κωνείου.
1418 364 1706 432 Σωκράτει
1737 361 1838 433 μὲν
1871 361 1975 418 οὖν

280 449 371 503 καὶ
409 458 572 504 τοῦτο
606 448 821 520 ῥᾴδιον,
863 451 1095 503 δύναται
1129 451 1252 519 γάρ,
1293 450 1475 520 ὥσπερ
1514 451 1605 505 καὶ
1646 452 1845 522 λέγειν,
1883 455 1975 507 καὶ

279 548 510 607 σιωπᾶν,
534 539 669 608 ὑμῖν
701 540 763 592 δὲ
795 538 1081 608 εὐλαβείας
1111 538 1267 602 ἄξιον
1298 541 1371 608 μὴ
1402 540 1491 593 καὶ
1522 542 1668 608 παρὰ
1701 547 1852 595 θεῶν
1883 543 1974 596 καὶ

235 649 253 679 5
278 629 425 697 παρὰ
460 629 777 698 ἀνθρώπων
810 630 992 681 αἰτίαν
1032 627 1232 697 λάβητε
1278 636 1377 682 τοῦ
1410 637 1602 682 κοινοῦ
1635 635 1808 684 καλοῦ
1841 639 1974 684 πᾶσι

278 728 393 780 τοῖς
410 719 488 770 ε”τι
516 721 643 782 ζῶσι
662 716 969 786 Σωκράτην
988 716 1459 786 ἀποστερήσαντες
1481 717 1572 771 καὶ
1597 722 1698 788 τήν
1713 739 1772 772 τε
1793 721 1975 789 ψυχὴν

279 807 388 875 ἅμα
425 804 517 859 καὶ
556 806 663 876 πρὸ
712 807 912 874 ταύτης
957 807 1062 874 ἤδη
1111 805 1201 859 καὶ
1255 807 1355 874 τὴν
1395 808 1589 876 φωνὴν
1629 808 1973 877 ἀφελόμενοι.

279 895 327 948 3.
362 894 466 964 ἐγὼ
508 894 574 947 δέ
610 896 719 963 εἰμι
750 891 851 963 μὲν
884 887 963 957 εἷς
992 904 1104 948 τῶν
1137 897 1462 963 φοιτώντων
1492 897 1637 964 παρὰ
1672 897 1976 966 Σωκράτην

278 982 369 1037 καὶ
415 992 527 1036 τῶν
574 983 966 1052 ἀκροωμένων,
1014 982 1105 1036 καὶ
1153 984 1256 1053 γάρ
1304 982 1420 1037 ἐστι
1466 986 1527 1037 τὸ
1571 993 1795 1055 πρᾶγμα
1834 987 1975 1038 θαύ-

212 1096 255 1127 10
279 1092 447 1141 ματος
486 1071 658 1141 ἄξιον,
699 1072 760 1126 ἐν
808 1074 1159 1144 δεσμωτηρίῳ
1209 1077 1538 1141 φιλοσοφῶν
1582 1073 1672 1126 καὶ
1726 1076 1976 1144 φαιδρῶς

278 1161 680 1230 ἀποθνήσκων,
737 1161 971 1230 ἀνέστην
1026 1159 1087 1214 δὲ
1142 1161 1389 1231 ἀντερῶν
1450 1168 1524 1234 τῷ
1580 1164 1680 1231 τὴν
1735 1164 1976 1232 χαλεπὴν

278 1252 503 1319 γνώμην
534 1252 741 1319 ταύτην
773 1252 1011 1319 εἰρηκότι
1035 1252 1275 1319 νομίζων
1299 1251 1401 1304 οὐκ
1428 1251 1616 1323 ἐκείνῳ
1641 1260 1824 1319 τοῦτο,
1851 1250 1970 1306 ἀλλ’

278 1340 411 1409 ἡμῖν
443 1345 619 1393 οἴσειν
652 1342 862 1407 ζημίαν,
896 1341 944 1393 εἰ
975 1337 1112 1408 μηδὲ
1145 1339 1305 1408 ὀλίγα
1336 1341 1715 1410 κερδανοῦμεν
1746 1340 1975 1409 Σωκρά-

278 1450 407 1492 τους
447 1430 542 1492 τάς
582 1429 777 1491 λοιπὰς
817 1428 1031 1497 ἡμέρας.

189 1524 292 1567 Mor
308 1529 451 1580 p.196
566 1519 616 1571 4.
643 1515 759 1571 Ὅτι
798 1519 899 1584 μὲν
939 1514 1044 1570 οὖν
1082 1519 1228 1586 παρὰ
1268 1518 1446 1571 πάντα
1485 1519 1550 1571 τὰ
1590 1518 1774 1570 δίκαια
1815 1533 1977 1571 συκο-

39 1649 52 1676 ,
213 1629 255 1660 16
281 1607 586 1677 φαντηθεὶς
640 1605 730 1659 καὶ
786 1607 973 1674 λαβὼν
1027 1608 1203 1669 αἰτίας
1250 1607 1474 1669 ψευδεῖς
1519 1606 1610 1660 καὶ
1659 1614 1754 1675 τῆς
1801 1607 1975 1660 αὑτοῦ

280 1698 616 1765 φιλοσοφίας
655 1694 1025 1760 ἀναξιωτάτας
1063 1696 1345 1748 ἀπολεῖται
1378 1695 1679 1764 Σωκράτης
1716 1694 1976 1749 ἁπάντων

278 1782 379 1852 μὲν
418 1785 736 1853 ἀνθρώπων
773 1783 1204 1851 θεοσεβέστατος
1243 1786 1565 1852 γενόμενος,
1615 1784 1874 1838 ἁπάντων
1915 1784 1976 1837 δὲ

280 1874 699 1942 ὠφελιμώτατος
723 1883 837 1936 τοῖς
861 1871 1026 1941 νέοις,
1050 1872 1140 1926 καὶ
1172 1882 1287 1936 τοῖς
1311 1874 1413 1942 μὲν
1437 1875 1627 1940 νόμοις
1652 1880 1746 1940 τῆς
1770 1875 1976 1936 πόλεως

213 1985 256 2015 20
280 1961 531 2025 πεισθεὶς
564 1961 646 2015 ἀεὶ
680 1961 769 2015 καὶ
800 1964 1226 2030 πολιτευόμενος
1258 1963 1348 2014 καὶ
1382 1964 1827 2030 στρατευόμενος,
1860 1970 1976 2024 τοῖς

281 2048 340 2104 δὲ
379 2052 676 2121 τυράννοις
715 2052 806 2104 καὶ
844 2059 963 2114 ταῖς
1002 2050 1343 2120 ὀλιγαρχίαις
1389 2049 1975 2119 ἀντιπαραταξάμενος,

279 2143 447 2207 μόνος
470 2143 715 2209 χρήματα
747 2148 842 2207 τῆς
868 2143 1169 2202 συνουσίας
1191 2138 1282 2192 καὶ
1306 2141 1513 2206 μισθὸν
1537 2141 1609 2208 μὴ
1633 2137 1976 2207 πραξάμενος

401 2290 426 2328 5
451 2285 568 2329 Plat.
597 2285 716 2342 apol.
734 2300 779 2341 p.
801 2289 856 2329 38
875 2285 907 2329 C
1031 2289 1083 2328 13
1102 2285 1231 2329 Dem.
1250 2300 1294 2341 p.
1316 2290 1483 2339 118,16
1608 2290 1662 2328 22
1682 2284 1740 2329 cf.
1758 2299 1801 2340 p.
1823 2289 1891 2338 95,
1905 2289 1973 2328 12.

280 2344 394 2388 ch.
424 2358 587 2388 comm.
611 2345 632 2387 I
665 2350 707 2399 2,
726 2349 781 2388 60

402 2483 426 2519 2
451 2478 533 2521 καὶ
551 2491 625 2521 om
638 2479 726 2522 Ma
829 2483 855 2521 3
881 2478 1080 2522 δύναται
1098 2477 1263 2533 scripsi
1326 2476 1518 2521 δύναιτο
1535 2476 1644 2520 libri
1661 2476 1762 2520 Mor
1789 2478 1794 2533 Ι
1823 2476 1974 2532 nocua)

281 2535 456 2579 inserui
488 2550 513 2580 e
539 2538 627 2580 Ma
689 2551 764 2580 om
790 2537 895 2581 ΜΒ
919 2537 1021 2580 Mor
1143 2541 1168 2579 5
1202 2534 1358 2579 αἰτίαν
1391 2536 1557 2591 scripsi
1581 2549 1607 2579 c
1633 2537 1721 2580 Ma
1754 2534 1845 2579 coll
1867 2534 1896 2579 l.
1919 2538 1973 2578 16

282 2597 331 2638 et
359 2597 393 2639 t.
419 2595 483 2638 III
508 2600 607 2650 361,
627 2600 695 2639 18.
729 2595 847 2640 Plat.
873 2596 904 2640 1.
929 2595 960 2639 l.
993 2596 1135 2639 Thuc.
1160 2595 1203 2637 II
1229 2600 1298 2649 18,
1317 2599 1341 2637 2
1405 2593 1593 2650 ἀτιμίαν
1618 2595 1723 2637 ΜΒ
1754 2594 1855 2638 Mor

283 2658 309 2698 8
350 2653 572 2708 σωκράτει
607 2655 742 2698 ΜαΒ
896 2660 949 2698 12
994 2655 1167 2710 ταύτην
1206 2654 1394 2710 γνώμην
1426 2655 1471 2697 Β
1522 2657 1527 2709 Ι
1577 2660 1713 2697 τοῦτο
1754 2652 1917 2708 scripsi
1948 2665 1974 2695 e

285 2714 374 2758 Ma
433 2713 607 2768 ταύτην
634 2715 738 2758 ΜΒ
763 2713 865 2757 Mor
1002 2718 1055 2757 13
1087 2713 1171 2769 τὴν
1196 2711 1361 2769 ζημίαν
1389 2714 1450 2756 M
1468 2711 1569 2755 Mor
1611 2713 1617 2768 Ι
1660 2711 1776 2768 μηδὲ
1809 2710 1974 2767 scripsi

341 2771 402 2828 μὴ
441 2773 493 2816 δὲ
529 2773 664 2816 ΜαΒ
741 2772 802 2828 μὴ
837 2775 899 2817 Μ
910 2773 1013 2816 Mor
1145 2776 1199 2814 16
1241 2772 1384 2815 αὑτοῦ
1426 2770 1588 2827 scripsi
1680 2772 1825 2816 αὐτοῦ
1863 2769 1974 2813 libri

282 2830 383 2874 Mor
550 2836 601 2873 17
648 2831 968 2883 ἀναξιωτάτας
1021 2830 1186 2886 scripsi
1233 2845 1258 2874 e
1299 2832 1388 2874 Ma
1463 2830 1759 2882 ἀναξιώτατα
1799 2831 1861 2874 M
1872 2829 1974 2872 Mor

342 2890 517 2943 ἀναξιω
563 2903 669 2933 cum
710 2889 881 2933 lacuna
924 2895 1038 2933 2—3
1081 2890 1161 2933 litt
1196 2890 1241 2933 B
1382 2894 1433 2931 21
1481 2887 1974 2944 ἀντιπαραταξάμενος

283 2949 447 3005 scripsi
480 2963 503 2992 ο
539 2950 625 2993 Ma
695 2948 1055 3004 ἀντιταξάμενος
1092 2950 1192 2993 ΜΒ
1225 2948 1326 2991 Mor
1462 2953 1516 2991 22
1549 2947 1759 3006 χρήματα
1791 2947 1871 2990 καὶ
1901 2962 1973 3002 μι-
