2054 3192
0 2632 11 2682 'nu
0 2441 13 2619 new-'mo-

642 148 723 192 DE
757 147 1041 193 SOCRATIS
1074 148 1350 192 SILENTIO
1738 149 1846 201 125

258 290 332 338 De
357 289 553 337 vinculo
580 305 678 350 quo
702 292 803 337 tres
828 289 1017 337 codices
1037 289 1254 337 BMaM
1271 288 1525 336 coniuncti
1550 292 1668 337 sunt
1693 305 1843 351 quae-

146 363 370 412 rentibus
402 378 560 424 aeque
593 366 744 425 atque
774 363 827 410 in
860 363 1092 427 apologia
1124 362 1341 411 Socratis
1374 364 1530 411 artior
1559 365 1690 411 inter
1721 364 1770 411 B
1795 366 1846 411 et

146 439 240 486 Ma
279 429 488 498 apparet
527 437 851 485 necessitudo.
912 438 1045 484 Nam
1083 437 1216 485 haud
1257 437 1407 485 semel
1448 438 1500 484 in
1547 437 1843 486 lectionibus

147 513 250 559 sive
282 510 510 574 genuinis
536 511 638 559 sive
670 511 837 574 pravis
867 511 1146 573 concinunt,
1178 511 1263 558 ubi
1287 512 1354 558 M
1380 512 1482 559 sive
1507 526 1715 572 pravam
1739 513 1846 559 sive

146 585 411 649 genuinam
445 585 675 634 servavit.
724 584 819 632 Sed
844 585 895 632 in
919 586 1205 633 universum
1222 586 1291 633 M
1310 586 1633 647 archetypum
1655 585 1843 634 maiore

146 675 257 706 cum
287 659 382 706 fide
414 658 576 707 reddit
608 674 764 721 quam
796 660 956 708 MaB.
1014 659 1208 707 Horum
1240 663 1404 707 autem
1438 660 1614 707 melior
1646 663 1721 707 est
1748 660 1845 707 Ma

147 749 299 795 quam
331 733 381 780 B
412 733 499 796 qui
530 749 642 781 cum
672 734 834 781 multa
867 734 969 781 alia
998 736 1109 781 tum
1143 749 1269 796 quae
1292 732 1464 796 ‘legere
1498 749 1643 798 aegre
1675 736 1849 795 posset

146 808 327 856 omisit.

256 881 408 929 Haud
438 897 622 943 parvus
656 884 731 929 est
761 898 993 930 numerus
1024 882 1246 930 locorum
1279 898 1308 928 a
1340 882 1702 945 grammaticis,
1733 883 1846 929 rhe-

145 955 360 1016 toribus,
397 955 754 1019 florilegiorum
786 956 1071 1005 auctoribus
1109 956 1442 1004 laudatorum.
1503 956 1674 1018 Atque
1713 956 1848 1004 inter

146 1031 238 1078 hos
270 1033 388 1078 sunt
420 1031 572 1077 etiam
604 1031 727 1078 satis
759 1031 967 1093 vetusti,
1006 1034 1063 1078 ut
1099 1033 1310 1078 auctor
1341 1028 1472 1094 περὶ
1512 1030 1844 1089 συντάξεως

151 1103 566 1152 Goislinianus
599 1100 770 1171 (lexici
803 1104 1094 1169 Segueriani
1123 1099 1286 1171 tertii)
1322 1106 1408 1166 qui
1443 1121 1594 1152 unum
1627 1105 1792 1153 locum
1819 1121 1846 1151 e

150 1179 508 1227 declamatione
542 1178 631 1226 sub
663 1179 860 1227 nomine
893 1177 1255 1241 Λημοσθένους
1285 1185 1372 1227 τοῦ
1406 1185 1583 1244 μικροῦ
1595 1172 1637 1245 1)
1670 1180 1849 1226 attulit

149 1246 210 1319 (s.
243 1269 287 1300 v.
322 1251 477 1312 διψῶ·
510 1261 693 1321 γενικῇ.
755 1250 1155 1316 Δημοσθένης
1189 1250 1214 1301 ὁ
1247 1252 1457 1318 μικρὸς
1493 1251 1547 1301 ἐν
1586 1261 1645 1321 τῇ
1682 1261 1844 1321 σιωπῇ

146 1325 464 1392 Σωκράτους·
498 1324 596 1375 καὶ
621 1327 771 1395 διψᾷ
795 1334 897 1375 τοῦ
929 1322 1214 1394 κωνείου)
1241 1343 1398 1389 aeque
1423 1329 1575 1389 atque
1599 1327 1848 1375 Melissa

145 1401 532 1464 Augustana,
572 1403 621 1449 et
652 1401 907 1451 Ioannes
939 1402 1279 1463 Doxapatri
1308 1404 1362 1449 in
1393 1403 1748 1450 commentario
1782 1401 1845 1449 ad

146 1475 472 1538 Hermogenis
504 1473 614 1539 περὶ
645 1473 881 1540 εὑρέσεων
909 1476 1093 1523 librum
1105 1470 1162 1542 2).
1226 1475 1475 1532 Quattuor
1499 1491 1679 1537 eosque
1710 1476 1845 1523 haud

146 1550 291 1611 parvi
311 1549 526 1597 ambitus
547 1549 682 1598 locos
706 1551 759 1597 in
783 1549 1029 1614 ῥοδωνιὰν
1052 1551 1241 1612 recepit
1263 1550 1563 1598 Macarius
1589 1549 1741 1612 Chry
1754 1565 1844 1597 so-

149 1617 491 1689 cephalusss)
526 1617 620 1690 (=
646 1618 837 1690 Macar)
870 1639 989 1672 usus
1028 1624 1114 1672 ille
1156 1624 1357 1686 quidem
1397 1640 1552 1686 aeque
1586 1627 1734 1686 atque
1765 1624 1847 1671 Io-

148 1713 300 1745 annes
325 1696 603 1760 Doxapatri
635 1698 800 1746 codice
832 1700 1053 1760 proxime
1087 1699 1151 1746 ad
1182 1700 1278 1746 Ma
1310 1692 1630 1766 accedenti.4)

258 1771 647 1820 Necessitudinis
679 1772 836 1835 igitur
859 1773 1111 1821 vinculum
1138 1789 1235 1835 quo
1261 1772 1451 1820 codices
1477 1775 1528 1820 et
1557 1772 1850 1821 testimonia

149 1846 415 1893 coniuncta
447 1848 563 1894 sunt
592 1846 686 1894 hoc
717 1847 813 1894 tibi
844 1850 1054 1894 stemma
1085 1850 1200 1895 ante
1233 1847 1402 1895 oculos
1434 1847 1578 1909 ponit

980 1973 1008 2002 81

882 2208 1294 2562 ms<

950 2570 1110 2614 Macar
1298 2539 1380 2613 Ma

1774 2644 1815 2686 B

270 2734 312 2788 1)
344 2731 413 2776 De
451 2732 540 2775 hac
570 2731 754 2776 Libanii
795 2732 1116 2789 appellatione
1158 2733 1208 2776 cf
1244 2745 1364 2788 quae
1404 2731 1502 2775 dixi
1541 2732 1658 2775 Mus.
1692 2732 1845 2776 Rhen.

149 2789 320 2834 XXXII
352 2795 406 2834 8⁷
441 2793 489 2834 et
520 2790 630 2834 edit.
664 2794 697 2835 t.
723 2792 744 2835 Ι
774 2806 819 2848 p.
848 2796 903 2834 74
935 2794 1030 2835 not.
1056 2798 1095 2835 3.
1527 2844 1530 2846 ,

270 2852 314 2906 2)
347 2848 405 2894 Cf
430 2850 463 2893 t.
488 2849 531 2893 Π
562 2865 607 2906 p.
634 2854 703 2893 86.
760 2850 952 2894 Praeter
974 2850 1313 2894 Baroccianum
1339 2854 1423 2894 175
1450 2850 1592 2894 etiam
1617 2849 1846 2893 lectiones

145 2906 349 2951 Parisini
380 2913 495 2952 2922
527 2922 556 2952 a
580 2908 820 2953 Graeveno
853 2911 1093 2966 excerptas
1126 2914 1175 2953 et
1199 2922 1226 2951 a
1250 2908 1400 2953 Rabio
1425 2922 1606 2954 mecum
1639 2922 1845 2952 commu-

153 2966 332 3010 nicatas
358 2967 564 3011 adhibui.
747 2970 791 3025 3)
824 2967 882 3012 Cf
900 2971 933 3011 t.
958 2969 979 3011 1
1002 2983 1048 3024 p.
1071 2974 1170 3012 351.
1354 2970 1398 3025 4)
1425 2965 1483 3011 Cf
1501 2983 1547 3025 p.
1568 2973 1667 3021 145,
1694 2974 1715 3010 1
1736 2970 1784 3011 et
1802 2972 1844 3011 9.
