2026 3192
973 800 1091 854 XII.

197 923 408 990 Τίμων
449 919 612 987 ἐρῶν
653 919 1066 988 Ἀλκιβιάδου
1108 918 1344 973 ἑαυτὸν
1383 920 1880 990 προσαγγέλλει.

801 1056 1241 1123 -Προθεωρία,

98 1177 217 1221 RIV
237 1181 318 1221 181
482 1173 735 1225 Χαλεπὸν
772 1173 834 1225 τὸ
876 1174 1092 1242 ζήτημα.
1134 1174 1236 1226 δύο
1273 1174 1377 1242 γὰρ
1413 1171 1420 1244 Ι
1457 1171 1679 1225 ἐναντία
1718 1171 1882 1241 ἀλλή-

186 1264 305 1323 λοις
345 1262 456 1330 ἤθη
499 1261 903 1330 ὑποκρίνεσθαι
945 1263 1046 1330 δεῖ,
1084 1262 1487 1330 μισάνθρωπον
1523 1261 1612 1314 καὶ
1652 1260 1878 1330 ἐρῶντα,

143 1347 278 1403 sual
327 1350 464 1418 ὁρᾶν
512 1351 612 1419 χρὴ
662 1351 709 1403 εἰ
749 1346 820 1402 δι’
869 1349 1140 1420 ἑκατέρων
1185 1352 1441 1419 πρόεισιν
1487 1349 1516 1403 ὁ
1566 1351 1750 1424 λόγος,
1783 1358 1879 1419 τῆς

184 1447 295 1491 τῶν
340 1439 632 1508 νοημάτων
679 1440 982 1507 εἰσαγωγῆς
1037 1438 1139 1492 οὐκ
1196 1438 1523 1507 ἐλεγχούσης
1573 1439 1675 1506 τὴν
1722 1438 1878 1491 ἐναν-

183 1530 376 1579 τίωσιν
422 1528 523 1596 τὴν
578 1527 637 1580 ἐν
691 1537 805 1590 τοῖς
858 1529 1037 1596 ἤθεσι.
1093 1529 1177 1581 δεῖ
1217 1528 1283 1596 δὴ
1331 1528 1429 1580 τὸν
1475 1525 1879 1596 μισάνθρωπον

184 1616 608 1684 πλεονάζεσθαι,
649 1617 735 1669 δεῖ
778 1613 836 1668 δὲ
884 1617 975 1669 καὶ
1013 1617 1079 1669 τὰ
1118 1624 1213 1685 τῆς
1250 1619 1651 1684 προσαγγελίας
1690 1617 1878 1669 δοκεῖν

185 1706 369 1774 χώραν
409 1702 568 1773 ἔχειν.
608 1705 669 1757 τὸ
711 1701 771 1757 δὲ
807 1705 1057 1768 ἅψασθαι
1096 1703 1444 1772 Ἀλκιβιάδου
1483 1705 1571 1757 καὶ
1611 1705 1709 1756 τὸν
1742 1702 1877 1757 ἐκεί-

119 1815 162 1848 10
185 1813 290 1845 νου
329 1793 455 1861 βίον
494 1801 672 1855 κακῶς
711 1794 887 1846 εἰπεῖν
925 1801 1206 1862 πανταχοῦ
1254 1792 1344 1846 καὶ
1394 1792 1630 1863 ἐρῶντος
1678 1792 1746 1845 ἂν
1793 1792 1875 1860 εἴη

184 1880 275 1934 καὶ
315 1882 735 1950 μισανθρώπου.

307 2072 365 2117 Or
431 2094 486 2108 =
513 2071 666 2115 Codex
697 2071 1147 2128 Hierosolymitanus
1181 2071 1380 2116 Sanctae
1414 2071 1571 2117 Crucis
1604 2077 1659 2115 57

306 2131 354 2173 H
432 2153 486 2167 =
512 2130 962 2186 Hierosolymitanus
997 2131 1039 2175 S.
1074 2131 1285 2189 Sepulcri
1319 2136 1402 2175 107

312 2191 356 2234 V
432 2212 487 2226 =
511 2189 768 2234 Vaticanus
799 2205 866 2247 gr.
900 2194 986 2234 940

303 2249 378 2292 La
431 2271 487 2286 =
514 2249 852 2292 Laurentianus
884 2249 1007 2292 LVII
1031 2254 1088 2293 44

302 2308 351 2351 D
429 2330 484 2344 =
512 2308 692 2352 Athous
725 2308 768 2352 S.
801 2307 1016 2364 Dionysii
1047 2313 1132 2352 342

306 2367 350 2410 B
428 2389 482 2403 =
508 2367 789 2411 Barberinus
818 2367 862 2411 H
885 2373 939 2411 41

311 2426 380 2470 Va
427 2448 482 2463 =
514 2426 764 2470 Vaticanus
796 2441 862 2483 gr.
889 2431 945 2470 82

304 2485 393 2528 Ma
428 2507 482 2522 =
508 2485 795 2530 Matritensis
828 2489 943 2529 4679
970 2486 1028 2542 (N
1047 2512 1062 2518 -
1082 2488 1155 2543 49)

306 2544 359 2587 Cz
429 2566 482 2580 =
507 2543 820 2589 Berolinensis
852 2560 920 2600 gr.
948 2549 1031 2588 195
1064 2545 1176 2589 olim
1209 2544 1593 2590 Claromontanus

303 2725 327 2763 2
362 2719 648 2776 Προθεωρία
683 2735 758 2764 om
792 2721 1099 2766 OrHVMaOl
1173 2720 1354 2777 θεωρία
1376 2723 1453 2767 La
1596 2725 1621 2764 3
1654 2721 1869 2765 Χαλεπὸν

188 2805 239 2810 -
269 2784 320 2822 11
341 2780 679 2835 μισανθρώπου
705 2794 777 2823 om
806 2781 874 2824 Va
996 2785 1019 2823 7
1045 2779 1211 2835 ἤθεσιν
1232 2781 1350 2826 OrH
1356 2781 1442 2825 VD
1467 2780 1557 2825 edd
1585 2785 1591 2837 Ι
1620 2779 1677 2836 δὴ
1703 2779 1869 2836 scripsi

185 2839 372 2881 auctore
411 2837 568 2882 Gasda.
643 2837 695 2883 δὲ
732 2838 843 2882 libri
881 2839 971 2882 edd
1115 2844 1140 2883 8
1183 2838 1518 2896 προσαγγελίας
1555 2838 1718 2896 scripsi
1762 2837 1866 2882 coll.

186 2911 228 2952 p.
255 2901 449 2952 537‚11;
498 2902 700 2952 551‚17;
749 2902 901 2951 553,ss
942 2900 990 2941 et
1027 2903 1079 2942 11
1158 2897 1442 2955 εἰσαγγελίας
1482 2898 1594 2942 libri
1636 2897 1726 2941 edd

188 2959 241 2998 10
272 2962 426 3006 κακῶς
456 2955 621 3012 scripsi
653 2969 678 2999 c
704 2956 1143 3002 OrHLaDBMaoz
1199 2959 1349 3008 καλῶς
1381 2959 1425 3003 V
1448 2957 1539 3000 edd
1566 2959 1572 3013 Ι
1600 2955 1672 3011 ἤει
1697 2956 1769 3000 La
