2026 3192
506 152 731 196 LIBANII
765 151 1023 197 LEGATIO
1057 152 1332 196 MENELAI
1693 155 1798 208 193

115 297 141 341 1
153 293 217 340 78
226 294 253 338 7
289 293 624 358 φευρουαρίου
660 294 688 338 2
697 293 742 340 6.
775 290 845 351 εἰς
878 291 1162 358 Μεσολόγγι
1194 294 1415 342 continet
1444 298 1558 356 post
1589 294 1674 344 τὸν
1712 314 1798 343 κα-

109 364 234 415 νόνα
265 372 351 430 τῆς
383 373 470 415 τοῦ
509 373 703 430 χριστοῦ
741 365 1014 431 γεννήσεως
1052 364 1267 431 φέροντα
1304 365 1615 433 ἀκροστιχίδα
1653 369 1798 432 τήνδε

0 455 4 503 ss
110 435 220 507 (fol.
256 433 311 505 1)
351 439 552 488 Ioannis
594 439 934 501 Chrysostomi
972 442 1221 489 orationes
1260 435 1315 508 (1
1324 437 1441 509 41),
1490 443 1668 492 Basilii
1713 445 1797 491 ho-

10 507 14 574 '‚
109 514 273 563 milias
306 507 361 579 (1
371 508 463 581 95)

221 589 292 636 fol
334 589 624 636 267—278
674 587 951 653 λιβανίου
999 589 1389 654 πρεσβευτικὸ
1402 609 1425 648 ς
1471 590 1580 655 πρὸ
1593 611 1617 650 ς
1662 590 1799 651 τοὺς

13 722 15 727 ¹
109 669 295 724 τρῶας
328 659 471 727 ὑπὲρ
503 669 603 725 τῆς
636 660 838 725 ἕλε’νης
915 661 1196 726 μενέλαος
1225 679 1336 712 cum
1359 667 1584 713 versione
1609 667 1798 714 interli-

109 739 248 785 neari
281 752 566 799 neograeca.

223 810 508 872 Sequuntur
523 812 625 859 alia
641 812 833 873 Basilii,
851 811 1111 860 Themistii
1129 810 1239 877 περὶ
1257 813 1424 875 φιλίας
1441 807 1799 880 (335—365),

12 903 14 906 ’
108 892 300 951 γνῶμαι
324 884 602 949 μονόστιχοι
629 884 751 933 κατὰ
775 890 1011 950 στοιχεῖον
1035 883 1087 933 ἐκ
1112 885 1369 951 διαφόρων
1389 895 1609 951 ποιητῶν
1626 881 1800 955 (383),

108 957 436 1024 χρηστοήθεια
468 953 639 1025 (411).
655 955 693 1025 ¹)

220 1033 421 1095 Inspexi
451 1049 582 1081 anno
619 1035 775 1082 1903.

108 1108 302 1170 Agmen
335 1107 536 1156 claudat
568 1109 718 1155 codex
751 1109 835 1170 qui
868 1109 1100 1157 editionis
1131 1110 1292 1157 instar
1322 1112 1397 1157 est

224 1183 307 1230 95.
343 1181 871 1246 Cantabrigiensis
905 1181 1165 1247 collegii
1196 1184 1525 1232 Trinitatis
1550 1184 1606 1231 R.
1635 1187 1679 1234 9.
1710 1186 1776 1232 26
1804 1200 1890 1239 210

109 1250 191 1323 (=
226 1258 330 1304 827
371 1256 424 1303 in
465 1257 692 1320 catalogo
731 1257 1009 1305 Iamesiano
1021 1251 1104 1323 2)),
1138 1257 1257 1305 olim
1294 1257 1584 1318 Abraham,
1626 1261 1802 1320 postea

10 1387 11 1390 Ἴ
109 1330 277 1378 Iacobi
303 1329 436 1377 Golii
460 1328 653 1391 Ortelfi,
684 1333 742 1379 ut
773 1332 934 1379 elucet
959 1347 1016 1378 ex
1046 1333 1369 1394 inscriptione
1404 1333 1514 1380 folii
1534 1334 1600 1380 26
1626 1333 1670 1381 J
1667 1334 1802 1381 acobi

114 1404 245 1452 Golii
278 1404 513 1453 Orteliani
547 1406 705 1465 1598,
739 1421 867 1453 anno
896 1407 1033 1453 1657
1071 1405 1132 1454 ab
1165 1406 1410 1470 Hugone
1442 1407 1618 1455 Petro
1650 1409 1800 1455 dona·

109 1481 190 1526 tus
229 1481 354 1526 teste
393 1480 714 1540 inscriptione
762 1479 871 1527 folii
918 1481 1070 1542 primi
1108 1480 1259 1528 versi:
1314 1482 1402 1529 Me
1446 1482 1540 1529 sibi
1581 1482 1805 1530 vendicat

110 1553 410 1601 Bibliotheca
445 1552 642 1614 Colleqii
677 1550 683 1618 Ι
721 1554 975 1602 Trinitatis
1005 1555 1060 1601 in
1089 1552 1359 1603 Academia
1391 1554 1669 1617 Cantabriy.
1705 1550 1712 1622 Ι
1748 1572 1803 1604 ex

10 1679 15 1690 ‚
109 1628 235 1675 dono
288 1629 367 1674 sai
416 1627 642 1687 Hayonis
688 1629 833 1676 Petri.
873 1627 936 1676 A.
970 1629 1034 1676 D.
1075 1631 1144 1676 16
1151 1629 1220 1676 57
1273 1629 1561 1678 chartaceus
1614 1631 1802 1678 formae

112 1705 316 1749 octavae
348 1701 409 1748 ab
442 1702 686 1749 Erasmo
721 1719 848 1750 anno
886 1703 1025 1750 1503
1059 1701 1272 1751 Lovanii
1302 1706 1552 1765 exaratus,
1591 1703 1640 1751 id
1670 1705 1802 1766 quod

14 1815 15 1818 η
110 1778 350 1824 testatum
365 1775 423 1824 fit
445 1780 562 1823 nota
579 1776 856 1824 Abrahami
872 1775 1049 1824 Ortelii
1063 1777 1281 1825 versioni
1297 1778 1484 1826 latinae
1501 1778 1800 1840 subscripta:

13 1879 15 1882 -
110 1849 329 1909 Scriptus
361 1853 430 1898 est
459 1851 578 1898 liber
607 1866 762 1899 mana
791 1852 948 1910 ipsias
978 1852 1265 1911 interpretiS,
1288 1852 1355 1899 D.
1378 1852 1583 1900 Erasmi·
1605 1852 1802 1901 Rotero-

111 1924 247 1972 dami
277 1938 445 1984 nempe
475 1928 660 1973 constat
687 1926 773 1973 hoe
802 1926 921 1973 mihi
953 1926 1028 1973 ab.
1065 1925 1254 1974 Ortelio.
1318 1924 1612 1974 Continetur
1643 1943 1700 1975 eo

223 1999 307 2046 fol.
338 2002 363 2046 1
399 1998 702 2048 Declamatio
726 2000 934 2047 Libanii
961 2000 1200 2059 sophistae
1229 2001 1318 2048 sab
1340 1988 1557 2060 persona
1586 2001 1802 2049 Menelai

103 2086 199 2132 pro
223 2073 444 2120 concione
465 2073 788 2122 Troianorum
804 2073 1046 2121 Helenam
1062 2077 1105 2121 et
1125 2087 1202 2122 res
1226 2076 1490 2134 repetentis,
1505 2076 1562 2122 ni
1583 2075 1802 2131 reddant,

113 2147 265 2194 armis
287 2148 526 2194 iniuriam
547 2148 766 2195 altarum
788 2163 838 2195 se
862 2148 1199 2196 denunciantis
1222 2149 1412 2196 Latina
1435 2151 1568 2209 facta
1590 2149 1803 2197 Erasmo

112 2220 368 2268 Desiderio
398 2222 653 2281 interprete
690 2222 906 2283 praeviis
944 2221 1172 2270 Scazonte
1210 2224 1422 2270 trimetro
1462 2223 1528 2271 ad
1566 2223 1804 2271 libellwm:

112 2293 303 2342 Avibus
332 2295 555 2342 secandis
586 2297 709 2344 vade
740 2297 984 2344 cleartewm
1008 2311 1187 2344 munus
1222 2295 1228 2355 Ι
1262 2296 1409 2344 Exile
1440 2311 1735 2356 quamquam
1763 2301 1804 2344 te

19 2389 22 2396 ·
112 2368 270 2415 brevis
316 2368 447 2416 dicat
490 2373 643 2417 vates:
694 2362 701 2436 Ι
749 2370 921 2417 Liceat
960 2371 1098 2417 modo
1136 2371 1331 2430 placere
1366 2370 1557 2430 presuli
1602 2372 1760 2420 docto:
1796 2389 1798 2392 ·

113 2441 278 2489 Precio
324 2442 514 2502 lapillos
559 2445 731 2492 viceris
775 2447 817 2491 et
855 2444 1092 2505 erythreos
1139 2447 1189 2491 et
1234 2445 1452 2507 epistula
1499 2444 1804 2493 dedicatoria

113 2514 368 2563 rubricata
383 2516 565 2564 litteris
581 2516 896 2566 minusculis:
929 2518 1207 2566 Reverendo
1226 2519 1280 2566 in
1300 2518 1487 2567 Christo
1502 2519 1644 2567 Patri
1659 2519 1804 2567 Nico-

115 2589 193 2636 lao
237 2589 438 2637 Ruterio
471 2591 710 2651 Episcopo
748 2590 1055 2639 Atrebatensi
1094 2593 1302 2651 insign-is
1341 2607 1399 2640 ac
1436 2594 1805 2652 florentissimae

19 2674 23 2721 j
114 2662 499 2711 Lovaniensium
522 2663 818 2713 Academiae
842 2666 1143 2726 Diqnissimo
1159 2664 1318 2726 Atque
1341 2668 1648 2714 ornatissimo
1676 2666 1803 2715 Can-

239 2791 278 2844 1)
313 2788 378 2833 Cf.
413 2789 709 2834 Sakkelionis
743 2791 1009 2848 catalogum
1040 2806 1084 2847 p.
1112 2796 1212 2835 203.

236 2851 279 2903 2)
317 2847 496 2900 James‚
543 2849 641 2893 The
688 2849 904 2894 Western
950 2850 1264 2906 Manuscripts
1311 2850 1360 2894 in
1405 2851 1485 2894 the
1531 2848 1710 2906 libi-ary
1757 2850 1810 2894 of

116 2904 299 2961 Trinity
324 2905 526 2965 College‚
552 2907 831 2966 Cambridge
854 2911 888 2952 t.
913 2909 956 2952 H
978 2924 1021 2965 p.
1049 2913 1134 2952 268
1153 2925 1220 2965 sq.
1255 2908 1321 2953 Cf.
1347 2909 1493 2953 Catal.
1513 2910 1644 2954 codd.
1665 2909 1801 2966 Angl.

116 2967 166 3008 et
198 2964 386 3009 Hibern.
418 2968 451 3009 t.
488 2967 508 3009 I
535 2982 578 3022 p.
607 2971 711 3011 101:
744 2970 872 3012 class.
905 2972 981 3013 26.
1014 2982 1096 3013 ser.
1128 2969 1328 3013 secunda
1360 2969 1422 3011 N.
1456 2973 1555 3014 618.
1587 2973 1660 3013 28.

207 3047 401 3079 Lmfflms
426 3049 484 3079 ed„
510 3049 747 3080 F'oorster.
772 3050 806 3079 V
1396 3047 1447 3085 13
