<?xml version="1.0" encoding="UTF-8"?>
<!DOCTYPE html PUBLIC "-//W3C//DTD XHTML 1.0 Transitional//EN"
    "http://www.w3.org/TR/xhtml1/DTD/xhtml1-transitional.dtd">
<html xmlns="http://www.w3.org/1999/xhtml" xml:lang="en" lang="en">
 <head>
  <title>
</title>
<meta http-equiv="Content-Type" content="text/html;charset=utf-8" />
  <meta name='ocr-system' content='tesseract 3.04.00' />
  <meta name='ocr-capabilities' content='ocr_page ocr_carea ocr_par ocr_line ocrx_word'/>
</head>
<body>
  <div class='ocr_page' id='page_1' title='image "./operarecensuitri05libauoft_0016.png"; bbox 0 0 2054 3192; ppageno 0'>
   <div class='ocr_carea' id='block_1_1' title="bbox 218 84 1415 145">
    <p class='ocr_par' dir='ltr' id='par_1_1' title="bbox 218 84 1415 145">
     <span class='ocr_line' id='line_1_1' title="bbox 218 84 1415 145; baseline 0.002 -11"><span class='ocrx_word' id='word_1_1' title='bbox 218 84 251 145; x_wconf 83' lang='grc'>6</span> <span class='ocrx_word' id='word_1_2' title='bbox 713 93 940 136; x_wconf 89' lang='lat' dir='ltr'><strong>LIBANII</strong></span> <span class='ocrx_word' id='word_1_3' title='bbox 970 92 1362 138; x_wconf 88' lang='lat' dir='ltr'><strong>DECLAMATIO</strong></span> <span class='ocrx_word' id='word_1_4' title='bbox 1394 94 1415 136; x_wconf 89' lang='grc' dir='ltr'>Ι</span> 
     </span>
    </p>
   </div>
   <div class='ocr_carea' id='block_1_2' title="bbox 124 233 1911 1926">
    <p class='ocr_par' dir='ltr' id='par_1_2' title="bbox 212 233 1911 520">
     <span class='ocr_line' id='line_1_2' title="bbox 214 233 1911 296; baseline 0.002 -17"><span class='ocrx_word' id='word_1_5' title='bbox 214 234 349 279; x_wconf 85' lang='lat' dir='ltr'><strong>fonte</strong></span> <span class='ocrx_word' id='word_1_6' title='bbox 363 233 516 281; x_wconf 91' lang='lat' dir='ltr'><strong>simili</strong></span> <span class='ocrx_word' id='word_1_7' title='bbox 529 235 679 295; x_wconf 87' lang='lat' dir='ltr'><strong>atque</strong></span> <span class='ocrx_word' id='word_1_8' title='bbox 688 233 992 282; x_wconf 74' lang='lat' dir='ltr'><strong>Matritensis</strong></span> <span class='ocrx_word' id='word_1_9' title='bbox 1007 235 1056 280; x_wconf 90' lang='lat' dir='ltr'><strong>et</strong></span> <span class='ocrx_word' id='word_1_10' title='bbox 1065 233 1272 294; x_wconf 82' lang='lat' dir='ltr'><strong>Athous,</strong></span> <span class='ocrx_word' id='word_1_11' title='bbox 1283 234 1367 281; x_wconf 89' lang='lat' dir='ltr'><strong>sed</strong></span> <span class='ocrx_word' id='word_1_12' title='bbox 1379 235 1540 296; x_wconf 90' lang='lat' dir='ltr'><strong>pretio</strong></span> <span class='ocrx_word' id='word_1_13' title='bbox 1549 236 1628 282; x_wconf 87' lang='lat' dir='ltr'><strong>his</strong></span> <span class='ocrx_word' id='word_1_14' title='bbox 1641 235 1783 295; x_wconf 78' lang='lat' dir='ltr'><strong>cedit,</strong></span> <span class='ocrx_word' id='word_1_15' title='bbox 1795 249 1911 283; x_wconf 90' lang='lat' dir='ltr'><strong>nam</strong></span> 
     </span>
     <span class='ocr_line' id='line_1_3' title="bbox 213 302 1909 372; baseline 0.003 -19"><span class='ocrx_word' id='word_1_16' title='bbox 213 307 371 353; x_wconf 89' lang='lat' dir='ltr'><strong>multa</strong></span> <span class='ocrx_word' id='word_1_17' title='bbox 403 307 607 354; x_wconf 86' lang='lat' dir='ltr'><strong>novavit</strong></span> <span class='ocrx_word' id='word_1_18' title='bbox 638 307 918 369; x_wconf 90' lang='lat' dir='ltr'><strong>iniuriaque</strong></span> <span class='ocrx_word' id='word_1_19' title='bbox 942 308 1165 371; x_wconf 84' lang='lat' dir='ltr'><strong>Roggius</strong></span> <span class='ocrx_word' id='word_1_20' title='bbox 1179 302 1220 372; x_wconf 87' lang='lat'><strong>¹)</strong></span> <span class='ocrx_word' id='word_1_21' title='bbox 1240 324 1351 355; x_wconf 93' lang='lat' dir='ltr'><strong>eum</strong></span> <span class='ocrx_word' id='word_1_22' title='bbox 1375 307 1506 355; x_wconf 89' lang='lat' dir='ltr'><strong>inter</strong></span> <span class='ocrx_word' id='word_1_23' title='bbox 1532 309 1745 370; x_wconf 90' lang='lat' dir='ltr'><strong>optimos</strong></span> <span class='ocrx_word' id='word_1_24' title='bbox 1762 309 1909 358; x_wconf 91' lang='lat' dir='ltr'><strong>Liba-</strong></span> 
     </span>
     <span class='ocr_line' id='line_1_4' title="bbox 212 377 1909 450; baseline 0.002 -23"><span class='ocrx_word' id='word_1_25' title='bbox 212 381 284 427; x_wconf 87' lang='lat' dir='ltr'><strong>nii</strong></span> <span class='ocrx_word' id='word_1_26' title='bbox 309 380 499 428; x_wconf 88' lang='lat' dir='ltr'><strong>codices</strong></span> <span class='ocrx_word' id='word_1_27' title='bbox 524 381 695 429; x_wconf 85' lang='lat' dir='ltr'><strong>haberi</strong></span> <span class='ocrx_word' id='word_1_28' title='bbox 719 382 856 429; x_wconf 90' lang='lat' dir='ltr'><strong>dixit.</strong></span> <span class='ocrx_word' id='word_1_29' title='bbox 899 381 1024 428; x_wconf 86' lang='lat' dir='ltr'>Vide</span> <span class='ocrx_word' id='word_1_30' title='bbox 1049 384 1085 428; x_wconf 87' lang='lat' dir='ltr'><strong>t.</strong></span> <span class='ocrx_word' id='word_1_31' title='bbox 1102 381 1155 429; x_wconf 90' lang='lat' dir='ltr'><strong>II</strong></span> <span class='ocrx_word' id='word_1_32' title='bbox 1171 398 1216 442; x_wconf 89' lang='lat' dir='ltr'><strong>p.</strong></span> <span class='ocrx_word' id='word_1_33' title='bbox 1238 383 1351 443; x_wconf 86' lang='lat' dir='ltr'><strong>4sq.</strong></span> <span class='ocrx_word' id='word_1_34' title='bbox 1399 381 1623 444; x_wconf 83' lang='lat' dir='ltr'><strong>Inspexit</strong></span> <span class='ocrx_word' id='word_1_35' title='bbox 1639 384 1839 431; x_wconf 87' lang='lat' dir='ltr'><strong>Bastius</strong></span> <span class='ocrx_word' id='word_1_36' title='bbox 1851 377 1909 450; x_wconf 71' lang='lat'><strong>2),</strong></span> 
     </span>
     <span class='ocr_line' id='line_1_5' title="bbox 214 453 1907 520; baseline 0.002 -19"><span class='ocrx_word' id='word_1_37' title='bbox 214 455 532 502; x_wconf 88' lang='lat' dir='ltr'><strong>contulerunt</strong></span> <span class='ocrx_word' id='word_1_38' title='bbox 549 453 713 503; x_wconf 86' lang='lat' dir='ltr'><strong>Gasda</strong></span> <span class='ocrx_word' id='word_1_39' title='bbox 739 458 789 504; x_wconf 89' lang='lat' dir='ltr'><strong>et</strong></span> <span class='ocrx_word' id='word_1_40' title='bbox 805 455 1026 519; x_wconf 86' lang='lat' dir='ltr'><strong>Roggius</strong></span> <span class='ocrx_word' id='word_1_41' title='bbox 1052 457 1140 516; x_wconf 91' lang='lat' dir='ltr'><strong>qui</strong></span> <span class='ocrx_word' id='word_1_42' title='bbox 1157 471 1269 503; x_wconf 90' lang='lat' dir='ltr'><strong>eum</strong></span> <span class='ocrx_word' id='word_1_43' title='bbox 1285 455 1455 503; x_wconf 89' lang='lat' dir='ltr'><strong>littera</strong></span> <span class='ocrx_word' id='word_1_44' title='bbox 1466 472 1506 516; x_wconf 75' lang='lat' dir='ltr'><strong>p</strong></span> <span class='ocrx_word' id='word_1_45' title='bbox 1530 457 1907 520; x_wconf 67' lang='lat' dir='ltr'><strong>insigniverunt.</strong></span> 
     </span>
    </p>

    <p class='ocr_par' dir='ltr' id='par_1_3' title="bbox 215 527 1908 739">
     <span class='ocr_line' id='line_1_6' title="bbox 242 527 1908 591; baseline 0.002 -16"><span class='ocrx_word' id='word_1_46' title='bbox 242 559 253 569; x_wconf 88' lang='lat'>-</span> <span class='ocrx_word' id='word_1_47' title='bbox 329 530 373 576; x_wconf 83' lang='lat'><strong>6.</strong></span> <span class='ocrx_word' id='word_1_48' title='bbox 414 527 844 577; x_wconf 81' lang='lat' dir='ltr'><strong>Ambrosianus</strong></span> <span class='ocrx_word' id='word_1_49' title='bbox 886 530 909 576; x_wconf 95' lang='lat' dir='ltr'><strong>I</strong></span> <span class='ocrx_word' id='word_1_50' title='bbox 951 531 1017 577; x_wconf 80' lang='lat'><strong>49</strong></span> <span class='ocrx_word' id='word_1_51' title='bbox 1068 545 1173 591; x_wconf 90' lang='lat' dir='ltr'><strong>sup.</strong></span> <span class='ocrx_word' id='word_1_52' title='bbox 1223 545 1350 577; x_wconf 88' lang='lat' dir='ltr'><strong>anno</strong></span> <span class='ocrx_word' id='word_1_53' title='bbox 1402 531 1541 578; x_wconf 84' lang='lat'><strong>1488</strong></span> <span class='ocrx_word' id='word_1_54' title='bbox 1593 546 1622 577; x_wconf 89' lang='lat' dir='ltr'><strong>a</strong></span> <span class='ocrx_word' id='word_1_55' title='bbox 1667 531 1908 579; x_wconf 86' lang='lat' dir='ltr'><strong>Michaele</strong></span> 
     </span>
     <span class='ocr_line' id='line_1_7' title="bbox 215 602 1908 667; baseline 0.003 -18"><span class='ocrx_word' id='word_1_56' title='bbox 215 602 446 650; x_wconf 85' lang='lat' dir='ltr'><strong>Suliardo</strong></span> <span class='ocrx_word' id='word_1_57' title='bbox 480 619 538 650; x_wconf 89' lang='lat' dir='ltr'><strong>ex</strong></span> <span class='ocrx_word' id='word_1_58' title='bbox 570 603 741 651; x_wconf 89' lang='lat' dir='ltr'><strong>eodem</strong></span> <span class='ocrx_word' id='word_1_59' title='bbox 766 620 863 665; x_wconf 90' lang='lat' dir='ltr'><strong>quo</strong></span> <span class='ocrx_word' id='word_1_60' title='bbox 888 603 1142 652; x_wconf 84' lang='lat' dir='ltr'><strong>Parisinus</strong></span> <span class='ocrx_word' id='word_1_61' title='bbox 1169 604 1311 652; x_wconf 90' lang='lat'><strong>3017</strong></span> <span class='ocrx_word' id='word_1_62' title='bbox 1339 604 1610 666; x_wconf 86' lang='lat' dir='ltr'><strong>exemplari</strong></span> <span class='ocrx_word' id='word_1_63' title='bbox 1633 604 1908 667; x_wconf 76' lang='lat' dir='ltr'><strong>descriptus</strong></span> 
     </span>
     <span class='ocr_line' id='line_1_8' title="bbox 215 676 1016 739; baseline 0.003 -16"><span class='ocrx_word' id='word_1_64' title='bbox 215 677 295 724; x_wconf 91' lang='lat' dir='ltr'><strong>fol.</strong></span> <span class='ocrx_word' id='word_1_65' title='bbox 325 677 431 724; x_wconf 66' lang='lat' dir='ltr'><strong>16V.</strong></span> <span class='ocrx_word' id='word_1_66' title='bbox 464 676 590 724; x_wconf 90' lang='lat' dir='ltr'><strong>Vide</strong></span> <span class='ocrx_word' id='word_1_67' title='bbox 623 679 658 724; x_wconf 92' lang='lat' dir='ltr'><strong>t.</strong></span> <span class='ocrx_word' id='word_1_68' title='bbox 684 677 709 724; x_wconf 92' lang='lat' dir='ltr'><strong>I</strong></span> <span class='ocrx_word' id='word_1_69' title='bbox 738 694 786 739; x_wconf 90' lang='lat' dir='ltr'><strong>p.</strong></span> <span class='ocrx_word' id='word_1_70' title='bbox 815 679 918 725; x_wconf 87' lang='lat'><strong>363</strong></span> <span class='ocrx_word' id='word_1_71' title='bbox 945 693 1016 739; x_wconf 88' lang='lat' dir='ltr'><strong>sq.</strong></span> 
     </span>
    </p>

    <p class='ocr_par' dir='ltr' id='par_1_4' title="bbox 328 716 1905 815">
     <span class='ocr_line' id='line_1_9' title="bbox 328 716 1905 815; baseline 0.001 -17"><span class='ocrx_word' id='word_1_72' title='bbox 328 754 373 799; x_wconf 98' lang='lat'><strong>7.</strong></span> <span class='ocrx_word' id='word_1_73' title='bbox 406 750 720 799; x_wconf 83' lang='lat' dir='ltr'><strong>Parisinus</strong></span> <span class='ocrx_word' id='word_1_74' title='bbox 762 769 839 815; x_wconf 86' lang='lat' dir='ltr'><strong>gr.</strong></span> <span class='ocrx_word' id='word_1_75' title='bbox 880 753 1044 800; x_wconf 86' lang='lat'>3014</span> <span class='ocrx_word' id='word_1_76' title='bbox 1093 766 1216 799; x_wconf 90' lang='lat' dir='ltr'><strong>saec.</strong></span> <span class='ocrx_word' id='word_1_77' title='bbox 1249 716 1367 798; x_wconf 92' lang='lat' dir='ltr'><strong>XIV</strong></span> <span class='ocrx_word' id='word_1_78' title='bbox 1413 752 1630 800; x_wconf 87' lang='lat' dir='ltr'><strong>ineuntis</strong></span> <span class='ocrx_word' id='word_1_79' title='bbox 1677 751 1761 800; x_wconf 88' lang='lat' dir='ltr'><strong>fol.</strong></span> <span class='ocrx_word' id='word_1_80' title='bbox 1797 754 1905 800; x_wconf 89' lang='grc'><strong>87.</strong></span> 
     </span>
    </p>

    <p class='ocr_par' dir='ltr' id='par_1_5' title="bbox 212 823 1910 888">
     <span class='ocr_line' id='line_1_10' title="bbox 212 823 1910 888; baseline 0.002 -20"><span class='ocrx_word' id='word_1_81' title='bbox 212 823 340 873; x_wconf 82' lang='lat' dir='ltr'><strong>Vide</strong></span> <span class='ocrx_word' id='word_1_82' title='bbox 371 827 406 872; x_wconf 89' lang='lat' dir='ltr'><strong>t.</strong></span> <span class='ocrx_word' id='word_1_83' title='bbox 431 824 483 871; x_wconf 90' lang='lat' dir='ltr'><strong>II</strong></span> <span class='ocrx_word' id='word_1_84' title='bbox 514 841 559 887; x_wconf 94' lang='lat' dir='ltr'><strong>p.</strong></span> <span class='ocrx_word' id='word_1_85' title='bbox 593 827 696 873; x_wconf 89' lang='lat'><strong>375</strong></span> <span class='ocrx_word' id='word_1_86' title='bbox 717 841 788 888; x_wconf 90' lang='lat' dir='ltr'><strong>sq</strong></span> <span class='ocrx_word' id='word_1_87' title='bbox 851 826 891 872; x_wconf 87' lang='grc' dir='ltr'>Ε</span> <span class='ocrx_word' id='word_1_88' title='bbox 926 825 1078 873; x_wconf 90' lang='lat' dir='ltr'><strong>simili</strong></span> <span class='ocrx_word' id='word_1_89' title='bbox 1109 825 1206 873; x_wconf 90' lang='lat' dir='ltr'><strong>nisi</strong></span> <span class='ocrx_word' id='word_1_90' title='bbox 1246 825 1417 873; x_wconf 87' lang='lat' dir='ltr'><strong>eodem</strong></span> <span class='ocrx_word' id='word_1_91' title='bbox 1457 827 1726 887; x_wconf 86' lang='lat' dir='ltr'><strong>exemplari</strong></span> <span class='ocrx_word' id='word_1_92' title='bbox 1764 826 1910 873; x_wconf 91' lang='lat' dir='ltr'><strong>fluxit</strong></span> 
     </span>
    </p>

    <p class='ocr_par' dir='ltr' id='par_1_6' title="bbox 137 898 1908 1406">
     <span class='ocr_line' id='line_1_11' title="bbox 137 898 1908 961; baseline 0.001 -15"><span class='ocrx_word' id='word_1_93' title='bbox 137 900 142 903; x_wconf 83' lang='lat'>&#39;</span> <span class='ocrx_word' id='word_1_94' title='bbox 214 914 310 961; x_wconf 92' lang='lat' dir='ltr'><strong>quo</strong></span> <span class='ocrx_word' id='word_1_95' title='bbox 351 898 604 947; x_wconf 84' lang='lat' dir='ltr'><strong>Parisinus</strong></span> <span class='ocrx_word' id='word_1_96' title='bbox 646 901 803 947; x_wconf 93' lang='lat'><strong>3017.</strong></span> <span class='ocrx_word' id='word_1_97' title='bbox 867 900 995 948; x_wconf 88' lang='lat' dir='ltr'><strong>Nam</strong></span> <span class='ocrx_word' id='word_1_98' title='bbox 1036 901 1090 946; x_wconf 89' lang='lat' dir='ltr'><strong>in</strong></span> <span class='ocrx_word' id='word_1_99' title='bbox 1129 899 1320 947; x_wconf 81' lang='lat' dir='ltr'><strong>lacunis</strong></span> <span class='ocrx_word' id='word_1_100' title='bbox 1359 901 1627 947; x_wconf 88' lang='lat' dir='ltr'><strong>concinunt</strong></span> <span class='ocrx_word' id='word_1_101' title='bbox 1667 900 1753 949; x_wconf 85' lang='lat' dir='ltr'><strong>sed</strong></span> <span class='ocrx_word' id='word_1_102' title='bbox 1791 915 1908 948; x_wconf 88' lang='lat' dir='ltr'><strong>suas</strong></span> 
     </span>
     <span class='ocr_line' id='line_1_12' title="bbox 211 973 1908 1037; baseline 0.001 -18"><span class='ocrx_word' id='word_1_103' title='bbox 211 975 420 1035; x_wconf 90' lang='lat' dir='ltr'><strong>uterque</strong></span> <span class='ocrx_word' id='word_1_104' title='bbox 451 973 602 1021; x_wconf 89' lang='lat' dir='ltr'><strong>habet</strong></span> <span class='ocrx_word' id='word_1_105' title='bbox 633 974 870 1022; x_wconf 87' lang='lat' dir='ltr'><strong>lectiones</strong></span> <span class='ocrx_word' id='word_1_106' title='bbox 901 973 1046 1022; x_wconf 89' lang='lat' dir='ltr'><strong>modo</strong></span> <span class='ocrx_word' id='word_1_107' title='bbox 1079 973 1320 1037; x_wconf 85' lang='lat' dir='ltr'><strong>genuinas</strong></span> <span class='ocrx_word' id='word_1_108' title='bbox 1351 973 1497 1021; x_wconf 90' lang='lat' dir='ltr'><strong>modo</strong></span> <span class='ocrx_word' id='word_1_109' title='bbox 1531 976 1803 1035; x_wconf 83' lang='lat' dir='ltr'><strong>corruptas,</strong></span> <span class='ocrx_word' id='word_1_110' title='bbox 1834 974 1908 1021; x_wconf 90' lang='lat' dir='ltr'><strong>ita</strong></span> 
     </span>
     <span class='ocr_line' id='line_1_13' title="bbox 211 1047 1903 1109; baseline 0.001 -16"><span class='ocrx_word' id='word_1_111' title='bbox 211 1049 378 1094; x_wconf 90' lang='lat' dir='ltr'><strong>tamen</strong></span> <span class='ocrx_word' id='word_1_112' title='bbox 410 1049 470 1095; x_wconf 86' lang='lat' dir='ltr'><strong>ut</strong></span> <span class='ocrx_word' id='word_1_113' title='bbox 493 1047 749 1095; x_wconf 84' lang='lat' dir='ltr'><strong>Parisinus</strong></span> <span class='ocrx_word' id='word_1_114' title='bbox 777 1050 917 1096; x_wconf 88' lang='lat'><strong>3017</strong></span> <span class='ocrx_word' id='word_1_115' title='bbox 951 1048 1083 1096; x_wconf 91' lang='lat' dir='ltr'><strong>hunc</strong></span> <span class='ocrx_word' id='word_1_116' title='bbox 1113 1047 1208 1095; x_wconf 80' lang='lat' dir='ltr'><strong>fide</strong></span> <span class='ocrx_word' id='word_1_117' title='bbox 1240 1049 1451 1109; x_wconf 88' lang='lat' dir='ltr'><strong>superet.</strong></span> <span class='ocrx_word' id='word_1_118' title='bbox 1507 1047 1903 1095; x_wconf 84' lang='lat' dir='ltr'><strong>Fundamentum</strong></span> 
     </span>
     <span class='ocr_line' id='line_1_14' title="bbox 211 1121 1907 1182; baseline 0.001 -14"><span class='ocrx_word' id='word_1_119' title='bbox 211 1123 287 1168; x_wconf 87' lang='lat' dir='ltr'><strong>est</strong></span> <span class='ocrx_word' id='word_1_120' title='bbox 319 1121 549 1169; x_wconf 88' lang='lat' dir='ltr'><strong>editionis</strong></span> <span class='ocrx_word' id='word_1_121' title='bbox 574 1121 784 1182; x_wconf 91' lang='lat' dir='ltr'><strong>Morelli‚</strong></span> <span class='ocrx_word' id='word_1_122' title='bbox 812 1123 950 1169; x_wconf 88' lang='lat' dir='ltr'><strong>cuius</strong></span> <span class='ocrx_word' id='word_1_123' title='bbox 980 1138 1131 1169; x_wconf 88' lang='lat' dir='ltr'><strong>manu</strong></span> <span class='ocrx_word' id='word_1_124' title='bbox 1154 1121 1306 1169; x_wconf 88' lang='lat' dir='ltr'><strong>verba</strong></span> <span class='ocrx_word' id='word_1_125' title='bbox 1334 1121 1524 1170; x_wconf 79' lang='lat' dir='ltr'><strong>Collata</strong></span> <span class='ocrx_word' id='word_1_126' title='bbox 1547 1122 1749 1182; x_wconf 72' lang='lat' dir='ltr'><strong>Inteyra</strong></span> <span class='ocrx_word' id='word_1_127' title='bbox 1771 1122 1907 1170; x_wconf 60' lang='lat' dir='ltr'><strong>Edit.</strong></span> 
     </span>
     <span class='ocr_line' id='line_1_15' title="bbox 211 1195 1908 1259; baseline 0.001 -17"><span class='ocrx_word' id='word_1_128' title='bbox 211 1209 341 1243; x_wconf 70' lang='lat' dir='ltr'><strong>anno</strong></span> <span class='ocrx_word' id='word_1_129' title='bbox 369 1197 512 1242; x_wconf 67' lang='lat'><strong>1612</strong></span> <span class='ocrx_word' id='word_1_130' title='bbox 544 1195 762 1259; x_wconf 82' lang='lat' dir='ltr'><strong>margini</strong></span> <span class='ocrx_word' id='word_1_131' title='bbox 793 1196 1045 1258; x_wconf 86' lang='lat' dir='ltr'><strong>adscripta</strong></span> <span class='ocrx_word' id='word_1_132' title='bbox 1070 1211 1174 1244; x_wconf 90' lang='lat' dir='ltr'><strong>esse</strong></span> <span class='ocrx_word' id='word_1_133' title='bbox 1198 1196 1466 1244; x_wconf 86' lang='lat' dir='ltr'><strong>verisimile</strong></span> <span class='ocrx_word' id='word_1_134' title='bbox 1498 1196 1621 1243; x_wconf 91' lang='lat' dir='ltr'><strong>mihi</strong></span> <span class='ocrx_word' id='word_1_135' title='bbox 1646 1197 1810 1244; x_wconf 87' lang='lat' dir='ltr'><strong>visum</strong></span> <span class='ocrx_word' id='word_1_136' title='bbox 1835 1198 1908 1244; x_wconf 90' lang='lat' dir='ltr'><strong>est</strong></span> 
     </span>
     <span class='ocr_line' id='line_1_16' title="bbox 203 1262 1907 1336; baseline 0 -19"><span class='ocrx_word' id='word_1_137' title='bbox 203 1262 296 1336; x_wconf 86' lang='lat' dir='ltr'><strong>(cf.</strong></span> <span class='ocrx_word' id='word_1_138' title='bbox 329 1271 364 1316; x_wconf 90' lang='lat' dir='ltr'><strong>t.</strong></span> <span class='ocrx_word' id='word_1_139' title='bbox 389 1269 441 1316; x_wconf 93' lang='lat' dir='ltr'><strong>II</strong></span> <span class='ocrx_word' id='word_1_140' title='bbox 471 1286 518 1331; x_wconf 94' lang='lat' dir='ltr'><strong>p.</strong></span> <span class='ocrx_word' id='word_1_141' title='bbox 547 1264 692 1336; x_wconf 78' lang='lat'><strong>380).</strong></span> <span class='ocrx_word' id='word_1_142' title='bbox 748 1270 955 1318; x_wconf 86' lang='lat' dir='ltr'><strong>Initium</strong></span> <span class='ocrx_word' id='word_1_143' title='bbox 993 1270 1116 1317; x_wconf 90' lang='lat' dir='ltr'><strong>mihi</strong></span> <span class='ocrx_word' id='word_1_144' title='bbox 1156 1270 1369 1318; x_wconf 84' lang='lat' dir='ltr'><strong>contulit</strong></span> <span class='ocrx_word' id='word_1_145' title='bbox 1408 1269 1657 1318; x_wconf 86' lang='lat' dir='ltr'><strong>Sturmius</strong></span> <span class='ocrx_word' id='word_1_146' title='bbox 1695 1269 1907 1318; x_wconf 83' lang='lat' dir='ltr'><strong>Luxem-</strong></span> 
     </span>
     <span class='ocr_line' id='line_1_17' title="bbox 209 1342 1337 1406; baseline 0 -16"><span class='ocrx_word' id='word_1_147' title='bbox 209 1342 468 1406; x_wconf 86' lang='lat' dir='ltr'><strong>burgensis</strong></span> <span class='ocrx_word' id='word_1_148' title='bbox 504 1342 670 1391; x_wconf 84' lang='lat' dir='ltr'><strong>Caroli</strong></span> <span class='ocrx_word' id='word_1_149' title='bbox 702 1342 868 1392; x_wconf 84' lang='lat' dir='ltr'><strong>Graux</strong></span> <span class='ocrx_word' id='word_1_150' title='bbox 901 1344 1020 1392; x_wconf 90' lang='lat' dir='ltr'><strong>olim</strong></span> <span class='ocrx_word' id='word_1_151' title='bbox 1052 1344 1337 1406; x_wconf 85' lang='lat' dir='ltr'><strong>discipulus.</strong></span> 
     </span>
    </p>

    <p class='ocr_par' dir='ltr' id='par_1_7' title="bbox 124 1417 1907 1926">
     <span class='ocr_line' id='line_1_18' title="bbox 124 1417 1906 1481; baseline -0.001 -16"><span class='ocrx_word' id='word_1_152' title='bbox 124 1425 207 1465; x_wconf 88' lang='grc'><strong>166</strong></span> <span class='ocrx_word' id='word_1_153' title='bbox 325 1418 371 1464; x_wconf 84' lang='grc'><strong>8.</strong></span> <span class='ocrx_word' id='word_1_154' title='bbox 404 1417 716 1466; x_wconf 85' lang='lat' dir='ltr'><strong>Leidensis</strong></span> <span class='ocrx_word' id='word_1_155' title='bbox 742 1418 1070 1466; x_wconf 89' lang='lat' dir='ltr'><strong>Vossianus</strong></span> <span class='ocrx_word' id='word_1_156' title='bbox 1100 1435 1172 1481; x_wconf 87' lang='lat' dir='ltr'><strong>gr.</strong></span> <span class='ocrx_word' id='word_1_157' title='bbox 1200 1434 1278 1479; x_wconf 87' lang='lat' dir='ltr'><strong>qu.</strong></span> <span class='ocrx_word' id='word_1_158' title='bbox 1308 1419 1374 1466; x_wconf 88' lang='grc'><strong>18</strong></span> <span class='ocrx_word' id='word_1_159' title='bbox 1402 1418 1691 1466; x_wconf 80' lang='lat' dir='ltr'><strong>chartaceus</strong></span> <span class='ocrx_word' id='word_1_160' title='bbox 1714 1417 1906 1466; x_wconf 78' lang='lat' dir='ltr'><strong>miscel-</strong></span> 
     </span>
     <span class='ocr_line' id='line_1_19' title="bbox 209 1486 1907 1558; baseline 0 -20"><span class='ocrx_word' id='word_1_161' title='bbox 209 1492 382 1539; x_wconf 88' lang='lat' dir='ltr'><strong>laneus</strong></span> <span class='ocrx_word' id='word_1_162' title='bbox 414 1491 634 1539; x_wconf 92' lang='lat' dir='ltr'><strong>continet</strong></span> <span class='ocrx_word' id='word_1_163' title='bbox 657 1492 789 1540; x_wconf 90' lang='lat' dir='ltr'><strong>inter</strong></span> <span class='ocrx_word' id='word_1_164' title='bbox 813 1486 968 1558; x_wconf 50' lang='lat' dir='ltr'><strong>aliast)</strong></span> <span class='ocrx_word' id='word_1_165' title='bbox 992 1492 1126 1540; x_wconf 89' lang='lat' dir='ltr'><strong>foliis</strong></span> <span class='ocrx_word' id='word_1_166' title='bbox 1154 1493 1370 1541; x_wconf 83' lang='lat'><strong>61—-95</strong></span> <span class='ocrx_word' id='word_1_167' title='bbox 1398 1494 1626 1554; x_wconf 87' lang='lat' dir='ltr'><strong>excerpta</strong></span> <span class='ocrx_word' id='word_1_168' title='bbox 1653 1508 1678 1540; x_wconf 86' lang='grc'><strong>6</strong></span> <span class='ocrx_word' id='word_1_169' title='bbox 1709 1491 1907 1539; x_wconf 88' lang='lat' dir='ltr'><strong>Libanii</strong></span> 
     </span>
     <span class='ocr_line' id='line_1_20' title="bbox 210 1565 1906 1628; baseline 0.001 -16"><span class='ocrx_word' id='word_1_170' title='bbox 210 1565 656 1613; x_wconf 84' lang='lat' dir='ltr'><strong>declamationibus</strong></span> <span class='ocrx_word' id='word_1_171' title='bbox 680 1581 834 1614; x_wconf 90' lang='lat' dir='ltr'><strong>manu</strong></span> <span class='ocrx_word' id='word_1_172' title='bbox 861 1566 1111 1614; x_wconf 89' lang='lat' dir='ltr'><strong>Henrici</strong></span> <span class='ocrx_word' id='word_1_173' title='bbox 1144 1565 1435 1628; x_wconf 83' lang='lat' dir='ltr'><strong>Stephani</strong></span> <span class='ocrx_word' id='word_1_174' title='bbox 1467 1567 1601 1613; x_wconf 88' lang='lat' dir='ltr'><strong>facta</strong></span> <span class='ocrx_word' id='word_1_175' title='bbox 1627 1582 1651 1613; x_wconf 90' lang='lat' dir='ltr'><strong>e</strong></span> <span class='ocrx_word' id='word_1_176' title='bbox 1678 1565 1906 1614; x_wconf 88' lang='lat' dir='ltr'><strong>Parisino</strong></span> 
     </span>
     <span class='ocr_line' id='line_1_21' title="bbox 210 1638 1905 1704; baseline 0 -17"><span class='ocrx_word' id='word_1_177' title='bbox 210 1656 281 1703; x_wconf 86' lang='lat' dir='ltr'><strong>gr.</strong></span> <span class='ocrx_word' id='word_1_178' title='bbox 309 1641 452 1688; x_wconf 86' lang='lat'><strong>3014</strong></span> <span class='ocrx_word' id='word_1_179' title='bbox 493 1642 542 1687; x_wconf 88' lang='lat' dir='ltr'><strong>et</strong></span> <span class='ocrx_word' id='word_1_180' title='bbox 575 1656 731 1702; x_wconf 88' lang='lat' dir='ltr'><strong>aeque</strong></span> <span class='ocrx_word' id='word_1_181' title='bbox 764 1641 913 1702; x_wconf 88' lang='lat' dir='ltr'><strong>atque</strong></span> <span class='ocrx_word' id='word_1_182' title='bbox 944 1640 996 1687; x_wconf 93' lang='lat' dir='ltr'><strong>in</strong></span> <span class='ocrx_word' id='word_1_183' title='bbox 1021 1641 1113 1688; x_wconf 89' lang='lat' dir='ltr'><strong>hoc</strong></span> <span class='ocrx_word' id='word_1_184' title='bbox 1135 1641 1379 1702; x_wconf 91' lang='lat' dir='ltr'><strong>inscripta</strong></span> <span class='ocrx_word' id='word_1_185' title='bbox 1401 1639 1604 1704; x_wconf 81' lang='grc' dir='ltr'><em>Βιβλίον</em></span> <span class='ocrx_word' id='word_1_186' title='bbox 1628 1638 1905 1704; x_wconf 75' lang='grc' dir='ltr'><em>ῥητορικόν.</em></span> 
     </span>
     <span class='ocr_line' id='line_1_22' title="bbox 209 1712 1905 1777; baseline 0.001 -17"><span class='ocrx_word' id='word_1_187' title='bbox 209 1712 456 1777; x_wconf 80' lang='grc' dir='ltr'><em>Λιβάνιος</em></span> <span class='ocrx_word' id='word_1_188' title='bbox 488 1712 740 1776; x_wconf 83' lang='grc' dir='ltr'><em>σοφιστής.</em></span> <span class='ocrx_word' id='word_1_189' title='bbox 774 1714 1174 1763; x_wconf 86' lang='lat' dir='ltr'><strong>Declamationes</strong></span> <span class='ocrx_word' id='word_1_190' title='bbox 1205 1715 1342 1776; x_wconf 88' lang='lat' dir='ltr'><strong>ipsas</strong></span> <span class='ocrx_word' id='word_1_191' title='bbox 1374 1714 1610 1776; x_wconf 90' lang='lat' dir='ltr'><strong>quoniam</strong></span> <span class='ocrx_word' id='word_1_192' title='bbox 1647 1715 1701 1761; x_wconf 89' lang='lat' dir='ltr'><strong>in</strong></span> <span class='ocrx_word' id='word_1_193' title='bbox 1741 1714 1905 1762; x_wconf 88' lang='lat' dir='ltr'><strong>codice</strong></span> 
     </span>
     <span class='ocr_line' id='line_1_23' title="bbox 209 1787 1904 1850; baseline 0.001 -15"><span class='ocrx_word' id='word_1_194' title='bbox 209 1787 437 1836; x_wconf 87' lang='lat' dir='ltr'><strong>Parisino</strong></span> <span class='ocrx_word' id='word_1_195' title='bbox 470 1787 788 1836; x_wconf 86' lang='lat' dir='ltr'><strong>describendo</strong></span> <span class='ocrx_word' id='word_1_196' title='bbox 819 1790 854 1835; x_wconf 90' lang='lat' dir='ltr'><strong>t.</strong></span> <span class='ocrx_word' id='word_1_197' title='bbox 881 1789 932 1835; x_wconf 91' lang='lat' dir='ltr'><strong>II</strong></span> <span class='ocrx_word' id='word_1_198' title='bbox 958 1806 1005 1850; x_wconf 93' lang='lat' dir='ltr'><strong>p.</strong></span> <span class='ocrx_word' id='word_1_199' title='bbox 1033 1789 1137 1836; x_wconf 87' lang='lat'><strong>375</strong></span> <span class='ocrx_word' id='word_1_200' title='bbox 1158 1803 1228 1850; x_wconf 90' lang='lat' dir='ltr'><strong>sq.</strong></span> <span class='ocrx_word' id='word_1_201' title='bbox 1255 1803 1423 1836; x_wconf 89' lang='lat' dir='ltr'><strong>omnes</strong></span> <span class='ocrx_word' id='word_1_202' title='bbox 1455 1788 1758 1848; x_wconf 81' lang='lat' dir='ltr'><strong>enumeravi,</strong></span> <span class='ocrx_word' id='word_1_203' title='bbox 1782 1788 1904 1836; x_wconf 88' lang='lat' dir='ltr'><strong>satis</strong></span> 
     </span>
     <span class='ocr_line' id='line_1_24' title="bbox 211 1860 1903 1926; baseline 0 -18"><span class='ocrx_word' id='word_1_204' title='bbox 211 1860 306 1909; x_wconf 87' lang='lat' dir='ltr'><strong>erit</strong></span> <span class='ocrx_word' id='word_1_205' title='bbox 336 1861 428 1910; x_wconf 91' lang='lat' dir='ltr'><strong>hoc</strong></span> <span class='ocrx_word' id='word_1_206' title='bbox 459 1862 567 1909; x_wconf 89' lang='lat' dir='ltr'><strong>loco</strong></span> <span class='ocrx_word' id='word_1_207' title='bbox 593 1862 854 1911; x_wconf 90' lang='lat' dir='ltr'><strong>adnotasse</strong></span> <span class='ocrx_word' id='word_1_208' title='bbox 878 1865 931 1910; x_wconf 94' lang='lat' dir='ltr'><strong>in</strong></span> <span class='ocrx_word' id='word_1_209' title='bbox 955 1863 1076 1911; x_wconf 86' lang='lat' dir='ltr'><strong>folio</strong></span> <span class='ocrx_word' id='word_1_210' title='bbox 1102 1863 1198 1911; x_wconf 63' lang='lat'><strong>63¹*</strong></span> <span class='ocrx_word' id='word_1_211' title='bbox 1221 1862 1321 1925; x_wconf 85' lang='lat' dir='ltr'><strong>legi</strong></span> <span class='ocrx_word' id='word_1_212' title='bbox 1353 1862 1612 1926; x_wconf 87' lang='lat' dir='ltr'><strong>apologiae</strong></span> <span class='ocrx_word' id='word_1_213' title='bbox 1636 1861 1903 1923; x_wconf 87' lang='lat' dir='ltr'><strong>inscriptae</strong></span> 
     </span>
    </p>
   </div>
   <div class='ocr_carea' id='block_1_3' title="bbox 210 1940 1906 2670">
    <p class='ocr_par' dir='ltr' id='par_1_8' title="bbox 210 1940 1906 2670">
     <span class='ocr_line' id='line_1_25' title="bbox 210 1940 1905 2009; baseline 0 -19"><span class='ocrx_word' id='word_1_214' title='bbox 210 1946 289 1990; x_wconf 82' lang='grc' dir='ltr'><strong>πθ</strong></span> <span class='ocrx_word' id='word_1_215' title='bbox 318 1949 404 1991; x_wconf 83' lang='grc' dir='ltr'><strong>τοῦ</strong></span> <span class='ocrx_word' id='word_1_216' title='bbox 444 1941 597 1992; x_wconf 78' lang='grc' dir='ltr'><em>αὐτοῦ</em></span> <span class='ocrx_word' id='word_1_217' title='bbox 629 1943 855 2007; x_wconf 84' lang='grc' dir='ltr'><em>λιβανίου</em></span> <span class='ocrx_word' id='word_1_218' title='bbox 889 1950 1126 2006; x_wconf 81' lang='grc' dir='ltr'><em>σοφιστοῦ</em></span> <span class='ocrx_word' id='word_1_219' title='bbox 1163 1941 1445 2009; x_wconf 82' lang='grc' dir='ltr'><em>σωκράτους</em></span> <span class='ocrx_word' id='word_1_220' title='bbox 1476 1940 1714 2007; x_wconf 77' lang='grc' dir='ltr'><em>ἀπολογία</em></span> <span class='ocrx_word' id='word_1_221' title='bbox 1754 1942 1905 1991; x_wconf 86' lang='lat' dir='ltr'><strong>verba</strong></span> 
     </span>
     <span class='ocr_line' id='line_1_26' title="bbox 211 2010 1906 2083; baseline 0 -20"><span class='ocrx_word' id='word_1_222' title='bbox 211 2016 373 2079; x_wconf 90' lang='lat' dir='ltr'><strong>prima</strong></span> <span class='ocrx_word' id='word_1_223' title='bbox 402 2010 525 2066; x_wconf 77' lang='grc' dir='ltr'><em>Οὐδ’</em></span> <span class='ocrx_word' id='word_1_224' title='bbox 553 2016 599 2065; x_wconf 86' lang='grc' dir='ltr'><strong>εἰ</strong></span> <span class='ocrx_word' id='word_1_225' title='bbox 619 2032 774 2079; x_wconf 88' lang='lat' dir='ltr'><strong>usque</strong></span> <span class='ocrx_word' id='word_1_226' title='bbox 808 2017 870 2065; x_wconf 89' lang='lat' dir='ltr'><strong>ad</strong></span> <span class='ocrx_word' id='word_1_227' title='bbox 902 2017 1136 2083; x_wconf 80' lang='grc' dir='ltr'><strong><em>σωκράτει</em></strong></span> <span class='ocrx_word' id='word_1_228' title='bbox 1168 2011 1239 2083; x_wconf 82' lang='lat' dir='ltr'><strong>(p.</strong></span> <span class='ocrx_word' id='word_1_229' title='bbox 1268 2019 1350 2078; x_wconf 81' lang='lat'><strong>13,</strong></span> <span class='ocrx_word' id='word_1_230' title='bbox 1381 2011 1561 2083; x_wconf 81' lang='lat'><strong>1-—2).</strong></span> <span class='ocrx_word' id='word_1_231' title='bbox 1610 2016 1906 2064; x_wconf 86' lang='lat' dir='ltr'><strong>Examinavi</strong></span> 
     </span>
     <span class='ocr_line' id='line_1_27' title="bbox 213 2091 1906 2231; baseline 0 -20"><span class='ocrx_word' id='word_1_232' title='bbox 213 2091 774 2213; x_wconf 47' lang='lat' dir='ltr'><strong>anmalffjiinensis</strong></span> <span class='ocrx_word' id='word_1_233' title='bbox 810 2164 1053 2213; x_wconf 76' lang='lat' dir='ltr'><strong>chxxi</strong></span> <span class='ocrx_word' id='word_1_234' title='bbox 1078 2158 1179 2231; x_wconf 86' lang='lat'>(111</span> <span class='ocrx_word' id='word_1_235' title='bbox 1202 2164 1242 2211; x_wconf 83' lang='lat' dir='ltr'><strong>F</strong></span> <span class='ocrx_word' id='word_1_236' title='bbox 1269 2158 1324 2231; x_wconf 87' lang='lat'><strong>3)</strong></span> <span class='ocrx_word' id='word_1_237' title='bbox 1359 2180 1484 2213; x_wconf 71' lang='lat' dir='ltr'><strong>saec.</strong></span> <span class='ocrx_word' id='word_1_238' title='bbox 1510 2165 1603 2211; x_wconf 86' lang='lat' dir='ltr'><strong>xv</strong></span> <span class='ocrx_word' id='word_1_239' title='bbox 1634 2165 1719 2213; x_wconf 74' lang='lat' dir='ltr'><strong>foi.</strong></span> <span class='ocrx_word' id='word_1_240' title='bbox 1752 2165 1820 2212; x_wconf 82' lang='lat'><strong>66</strong></span> <span class='ocrx_word' id='word_1_241' title='bbox 1856 2166 1906 2211; x_wconf 74' lang='lat' dir='ltr'><strong>et</strong></span> 
     </span>
     <span class='ocr_line' id='line_1_28' title="bbox 211 2237 1905 2301; baseline 0.001 -17"><span class='ocrx_word' id='word_1_242' title='bbox 211 2237 317 2299; x_wconf 89' lang='lat' dir='ltr'><strong>ipse</strong></span> <span class='ocrx_word' id='word_1_243' title='bbox 350 2254 406 2285; x_wconf 85' lang='lat' dir='ltr'><strong>ex</strong></span> <span class='ocrx_word' id='word_1_244' title='bbox 442 2239 612 2287; x_wconf 88' lang='lat' dir='ltr'><strong>eodem</strong></span> <span class='ocrx_word' id='word_1_245' title='bbox 645 2255 742 2301; x_wconf 87' lang='lat' dir='ltr'><strong>quo</strong></span> <span class='ocrx_word' id='word_1_246' title='bbox 774 2239 1029 2287; x_wconf 82' lang='lat' dir='ltr'><strong>Parisinus</strong></span> <span class='ocrx_word' id='word_1_247' title='bbox 1065 2240 1205 2287; x_wconf 87' lang='lat'><strong>3017</strong></span> <span class='ocrx_word' id='word_1_248' title='bbox 1246 2239 1390 2286; x_wconf 89' lang='lat' dir='ltr'><strong>fluxit</strong></span> <span class='ocrx_word' id='word_1_249' title='bbox 1425 2239 1575 2286; x_wconf 89' lang='lat' dir='ltr'><strong>fonte.</strong></span> <span class='ocrx_word' id='word_1_250' title='bbox 1636 2238 1764 2286; x_wconf 87' lang='lat' dir='ltr'><strong>Vide</strong></span> <span class='ocrx_word' id='word_1_251' title='bbox 1795 2241 1829 2286; x_wconf 91' lang='lat' dir='ltr'><strong>t.</strong></span> <span class='ocrx_word' id='word_1_252' title='bbox 1855 2237 1905 2285; x_wconf 92' lang='grc' dir='ltr'>Π</span> 
     </span>
     <span class='ocr_line' id='line_1_29' title="bbox 211 2312 1903 2451; baseline -0.001 -19"><span class='ocrx_word' id='word_1_253' title='bbox 211 2329 259 2373; x_wconf 65' lang='grc' dir='ltr'><strong>Ρ’</strong></span> <span class='ocrx_word' id='word_1_254' title='bbox 295 2312 680 2434; x_wconf 52' lang='grc' dir='ltr'>415118.(1Ἀ1110115</span> <span class='ocrx_word' id='word_1_255' title='bbox 723 2387 952 2434; x_wconf 74' lang='lat' dir='ltr'><strong>Lam-ae</strong></span> <span class='ocrx_word' id='word_1_256' title='bbox 1002 2386 1048 2433; x_wconf 93' lang='lat' dir='ltr'><strong>s.</strong></span> <span class='ocrx_word' id='word_1_257' title='bbox 1082 2386 1406 2434; x_wconf 70' lang='lat' dir='ltr'><strong>Athanasii</strong></span> <span class='ocrx_word' id='word_1_258' title='bbox 1452 2386 1505 2432; x_wconf 71' lang='grc' dir='ltr'>Ω</span> <span class='ocrx_word' id='word_1_259' title='bbox 1542 2387 1643 2434; x_wconf 81' lang='lat'><strong>123</strong></span> <span class='ocrx_word' id='word_1_260' title='bbox 1672 2378 1751 2451; x_wconf 90' lang='lat'><strong>(=</strong></span> <span class='ocrx_word' id='word_1_261' title='bbox 1777 2378 1903 2450; x_wconf 77' lang='lat' dir='ltr'><strong>Ath)</strong></span> 
     </span>
     <span class='ocr_line' id='line_1_30' title="bbox 214 2458 1902 2521; baseline -0.001 -15"><span class='ocrx_word' id='word_1_262' title='bbox 214 2459 399 2507; x_wconf 89' lang='lat' dir='ltr'><strong>saeculi</strong></span> <span class='ocrx_word' id='word_1_263' title='bbox 429 2459 552 2506; x_wconf 94' lang='lat' dir='ltr'><strong>XIII</strong></span> <span class='ocrx_word' id='word_1_264' title='bbox 590 2459 673 2507; x_wconf 92' lang='lat' dir='ltr'><strong>fol.</strong></span> <span class='ocrx_word' id='word_1_265' title='bbox 712 2461 776 2507; x_wconf 90' lang='grc'><strong>16</strong></span> <span class='ocrx_word' id='word_1_266' title='bbox 811 2475 836 2506; x_wconf 97' lang='grc'><strong>6</strong></span> <span class='ocrx_word' id='word_1_267' title='bbox 869 2461 1022 2508; x_wconf 86' lang='lat' dir='ltr'><strong>simili</strong></span> <span class='ocrx_word' id='word_1_268' title='bbox 1053 2461 1188 2508; x_wconf 85' lang='lat' dir='ltr'><strong>fonte</strong></span> <span class='ocrx_word' id='word_1_269' title='bbox 1227 2460 1370 2507; x_wconf 89' lang='lat' dir='ltr'><strong>fiuxit</strong></span> <span class='ocrx_word' id='word_1_270' title='bbox 1402 2462 1551 2521; x_wconf 84' lang='lat' dir='ltr'><strong>atque</strong></span> <span class='ocrx_word' id='word_1_271' title='bbox 1583 2458 1902 2506; x_wconf 87' lang='lat' dir='ltr'><strong>Matritensis.</strong></span> 
     </span>
     <span class='ocr_line' id='line_1_31' title="bbox 211 2531 1903 2595; baseline 0 -16"><span class='ocrx_word' id='word_1_272' title='bbox 211 2532 339 2581; x_wconf 88' lang='lat' dir='ltr'><strong>Vide</strong></span> <span class='ocrx_word' id='word_1_273' title='bbox 369 2534 405 2580; x_wconf 88' lang='lat' dir='ltr'><strong>t.</strong></span> <span class='ocrx_word' id='word_1_274' title='bbox 423 2532 448 2579; x_wconf 92' lang='lat' dir='ltr'><strong>I</strong></span> <span class='ocrx_word' id='word_1_275' title='bbox 471 2549 517 2594; x_wconf 91' lang='lat' dir='ltr'><strong>p.</strong></span> <span class='ocrx_word' id='word_1_276' title='bbox 546 2535 650 2580; x_wconf 81' lang='lat'><strong>323</strong></span> <span class='ocrx_word' id='word_1_277' title='bbox 670 2549 740 2595; x_wconf 90' lang='lat' dir='ltr'><strong>sq.</strong></span> <span class='ocrx_word' id='word_1_278' title='bbox 787 2534 954 2581; x_wconf 88' lang='lat' dir='ltr'><strong>Meum</strong></span> <span class='ocrx_word' id='word_1_279' title='bbox 985 2535 1037 2580; x_wconf 92' lang='lat' dir='ltr'><strong>in</strong></span> <span class='ocrx_word' id='word_1_280' title='bbox 1067 2549 1212 2581; x_wconf 91' lang='lat' dir='ltr'><strong>usum</strong></span> <span class='ocrx_word' id='word_1_281' title='bbox 1238 2533 1451 2581; x_wconf 90' lang='lat' dir='ltr'><strong>contulit</strong></span> <span class='ocrx_word' id='word_1_282' title='bbox 1473 2532 1753 2580; x_wconf 85' lang='lat' dir='ltr'><strong>Alexander</strong></span> <span class='ocrx_word' id='word_1_283' title='bbox 1775 2531 1903 2579; x_wconf 92' lang='lat' dir='ltr'><strong>Lau-</strong></span> 
     </span>
     <span class='ocr_line' id='line_1_32' title="bbox 212 2605 1406 2670; baseline 0 -16"><span class='ocrx_word' id='word_1_284' title='bbox 212 2605 362 2654; x_wconf 87' lang='lat' dir='ltr'><strong>riotes</strong></span> <span class='ocrx_word' id='word_1_285' title='bbox 396 2623 540 2668; x_wconf 91' lang='lat' dir='ltr'><strong>quem</strong></span> <span class='ocrx_word' id='word_1_286' title='bbox 572 2623 730 2668; x_wconf 90' lang='lat' dir='ltr'><strong>nuper</strong></span> <span class='ocrx_word' id='word_1_287' title='bbox 760 2609 917 2654; x_wconf 86' lang='lat' dir='ltr'><strong>morte</strong></span> <span class='ocrx_word' id='word_1_288' title='bbox 951 2607 1214 2668; x_wconf 91' lang='lat' dir='ltr'><strong>abreptum</strong></span> <span class='ocrx_word' id='word_1_289' title='bbox 1245 2607 1406 2670; x_wconf 85' lang='lat' dir='ltr'><strong>lugeo.</strong></span> 
     </span>
    </p>
   </div>
   <div class='ocr_carea' id='block_1_4' title="bbox 213 2692 569 2698">
    <p class='ocr_par' dir='ltr' id='par_1_9' title="bbox 213 2692 569 2698">
     <span class='ocr_line' id='line_1_33' title="bbox 213 2692 569 2698; baseline 0 0"><span class='ocrx_word' id='word_1_290' title='bbox 213 2692 569 2698; x_wconf 95' lang='lat' dir='ltr'><strong> </strong></span> 
     </span>
    </p>
   </div>
   <div class='ocr_carea' id='block_1_5' title="bbox 213 2731 1903 2965">
    <p class='ocr_par' dir='ltr' id='par_1_10' title="bbox 335 2731 1249 2789">
     <span class='ocr_line' id='line_1_34' title="bbox 335 2731 1249 2789; baseline 0 -14"><span class='ocrx_word' id='word_1_291' title='bbox 335 2734 377 2789; x_wconf 92' lang='lat'><strong>1)</strong></span> <span class='ocrx_word' id='word_1_292' title='bbox 408 2731 596 2776; x_wconf 88' lang='lat' dir='ltr'><strong>Libanii</strong></span> <span class='ocrx_word' id='word_1_293' title='bbox 628 2732 848 2788; x_wconf 83' lang='lat' dir='ltr'><strong>apologia</strong></span> <span class='ocrx_word' id='word_1_294' title='bbox 878 2732 1083 2776; x_wconf 80' lang='lat' dir='ltr'><strong>Socratis</strong></span> <span class='ocrx_word' id='word_1_295' title='bbox 1108 2747 1152 2789; x_wconf 93' lang='lat' dir='ltr'><strong>p.</strong></span> <span class='ocrx_word' id='word_1_296' title='bbox 1179 2737 1249 2775; x_wconf 83' lang='lat'><strong>21.</strong></span> 
     </span>
    </p>

    <p class='ocr_par' dir='ltr' id='par_1_11' title="bbox 333 2790 1598 2848">
     <span class='ocr_line' id='line_1_35' title="bbox 333 2790 1598 2848; baseline -0.002 -13"><span class='ocrx_word' id='word_1_297' title='bbox 333 2794 376 2848; x_wconf 82' lang='lat'><strong>2)</strong></span> <span class='ocrx_word' id='word_1_298' title='bbox 410 2791 478 2836; x_wconf 87' lang='lat' dir='ltr'><strong>Cf.</strong></span> <span class='ocrx_word' id='word_1_299' title='bbox 511 2791 765 2835; x_wconf 83' lang='lat' dir='ltr'><strong>Comment.</strong></span> <span class='ocrx_word' id='word_1_300' title='bbox 799 2791 1036 2848; x_wconf 80' lang='lat' dir='ltr'><strong>palaeogr.</strong></span> <span class='ocrx_word' id='word_1_301' title='bbox 1069 2805 1113 2846; x_wconf 94' lang='lat' dir='ltr'><strong>p.</strong></span> <span class='ocrx_word' id='word_1_302' title='bbox 1140 2795 1226 2835; x_wconf 84' lang='lat'><strong>836</strong></span> <span class='ocrx_word' id='word_1_303' title='bbox 1259 2791 1331 2835; x_wconf 89' lang='lat' dir='ltr'><strong>ed.</strong></span> <span class='ocrx_word' id='word_1_304' title='bbox 1366 2790 1598 2834; x_wconf 85' lang='lat' dir='ltr'><strong>Schaefer.</strong></span> 
     </span>
    </p>

    <p class='ocr_par' dir='ltr' id='par_1_12' title="bbox 213 2848 1903 2965">
     <span class='ocr_line' id='line_1_36' title="bbox 334 2848 1903 2907; baseline -0.001 -13"><span class='ocrx_word' id='word_1_305' title='bbox 334 2853 377 2907; x_wconf 83' lang='lat'><strong>3&gt;</strong></span> <span class='ocrx_word' id='word_1_306' title='bbox 409 2850 476 2894; x_wconf 87' lang='lat' dir='ltr'><strong>Cf.</strong></span> <span class='ocrx_word' id='word_1_307' title='bbox 508 2850 610 2893; x_wconf 90' lang='lat' dir='ltr'><strong>Val.</strong></span> <span class='ocrx_word' id='word_1_308' title='bbox 638 2850 760 2895; x_wconf 85' lang='lat' dir='ltr'><strong>Rose</strong></span> <span class='ocrx_word' id='word_1_309' title='bbox 785 2850 950 2894; x_wconf 88' lang='lat' dir='ltr'><strong>Anacr.</strong></span> <span class='ocrx_word' id='word_1_310' title='bbox 975 2849 1120 2905; x_wconf 88' lang='lat' dir='ltr'><strong>praef.</strong></span> <span class='ocrx_word' id='word_1_311' title='bbox 1146 2865 1191 2906; x_wconf 89' lang='lat' dir='ltr'><strong>p.</strong></span> <span class='ocrx_word' id='word_1_312' title='bbox 1215 2849 1293 2893; x_wconf 90' lang='lat' dir='ltr'><strong>IV.</strong></span> <span class='ocrx_word' id='word_1_313' title='bbox 1319 2849 1497 2905; x_wconf 82' lang='lat' dir='ltr'><strong>Kayser</strong></span> <span class='ocrx_word' id='word_1_314' title='bbox 1518 2848 1734 2892; x_wconf 84' lang='lat' dir='ltr'><strong>Philostr.</strong></span> <span class='ocrx_word' id='word_1_315' title='bbox 1761 2848 1903 2905; x_wconf 83' lang='lat' dir='ltr'><strong>imag.</strong></span> 
     </span>
     <span class='ocr_line' id='line_1_37' title="bbox 213 2908 828 2965; baseline -0.002 -12"><span class='ocrx_word' id='word_1_316' title='bbox 213 2909 285 2953; x_wconf 86' lang='lat' dir='ltr'><strong>ed.</strong></span> <span class='ocrx_word' id='word_1_317' title='bbox 311 2909 462 2953; x_wconf 84' lang='lat' dir='ltr'><strong>Turio.</strong></span> <span class='ocrx_word' id='word_1_318' title='bbox 489 2908 635 2965; x_wconf 88' lang='lat' dir='ltr'><strong>praef.</strong></span> <span class='ocrx_word' id='word_1_319' title='bbox 660 2925 704 2965; x_wconf 88' lang='lat' dir='ltr'><strong>p.</strong></span> <span class='ocrx_word' id='word_1_320' title='bbox 730 2909 828 2952; x_wconf 88' lang='lat' dir='ltr'><strong>VII.</strong></span> 
     </span>
    </p>
   </div>
  </div>
 </body>
</html>
