2026 3192
140 639 160 672 5

185 127 292 180 548
653 125 880 170 LIBANII
913 125 1302 170 DECLAMATIO
1334 126 1420 170 ΧΠ

184 265 390 329 τρόπον
442 260 533 314 καὶ
587 263 688 330 τὴν
741 263 916 330 φύσιν
970 261 1378 331 ἀσθενεστέραν
1436 266 1539 330 τὴν
1592 262 1727 332 ἐμὴν
1781 273 1876 334 τῆς

183 359 282 404 τοῦ
325 352 574 419 σώματος
612 352 756 420 ὥρας
802 348 987 414 ἔδειξε.
1040 349 1263 419 δέσμιος
1310 352 1372 404 δὲ
1419 352 1511 405 διὰ
1555 354 1653 406 τὸν
1700 349 1876 422 ἔρωτα

172 442 425 508 οἰκτράς,
478 438 817 508 αἰχμάλωτος
863 439 968 492 ἀπὸ
1016 447 1111 508 τῆς
1157 439 1408 509 ἐσχατιᾶς
1447 439 1535 493 ἐπὶ
1575 443 1675 508 τὴν
1711 443 1877 496 πόλιν

182 531 366 598 ’ἤχθην
414 529 442 582 ὁ
490 528 886 598 μισάνθρωπος
932 527 1022 581 καὶ
1070 528 1170 598 οὐχ
1219 528 1364 596 ἑνός,
1417 533 1759 599 τρισμυρίων
1814 527 1875 584 δὲ

183 619 447 670 θανάτων
501 616 663 680 ἄξιος.
735 617 821 670 25.
876 621 959 679 τίς
1012 616 1568 687 κακοδαιμονέστερος
1631 619 1875 686 Τίμωνος

182 707 365 774 ἕτερος
404 705 474 759 ἂν
512 705 751 774 γένοιτο;
797 709 971 774 βοῶν,
1027 703 1068 759 ὦ
1116 707 1253 774 κακὴ
1300 710 1535 775 κεφαλή,
1585 709 1887 777 λοιδορού-’

182 785 362 864 μενος,
395 796 793 864 μισάνθρωπος
823 795 919 862 ὥν,
952 794 1279 848 ἀπελαύνων
1311 803 1425 858 τοῖς
1456 799 1657 862 λίθοις,
1696 806 1875 864 μισῶν

184 882 272 937 καὶ
321 883 476 953 μέχρι
527 884 765 953 ῥήματος
796 882 1153 952 Ἀλκιβιάδην
1199 886 1297 936 τὸν
1343 881 1519 954 ἔρωτα
1566 884 1729 948 ἐδέξω
1783 884 1875 938 καὶ

184 974 320 1041 πρὸς
359 972 698 1042 ἀνθρώπους
738 970 969 1026 ἐσπείσω
1008 971 1098 1026 καὶ
1138 974 1276 1040 πρὸς
1322 974 1385 1026 τὰ
1433 976 1675 1042 χείριστα
1713 974 1876 1042 ηὐτο-

119 1083 162 1115 ιο
186 1066 428 1130 μόλησας
482 1061 587 1115 ἀπὸ
643 1070 739 1130 τῆς
793 1065 1051 1129 γενναίας
1090 1061 1300 1130 ἐκείνης
1353 1060 1551 1125 τάξεως
1594 1071 1692 1116 τοῦ
1731 1065 1875 1130 βίου.

118 1526 159 1559 15

184 1151 269 1203 26.
318 1154 580 1219 μαίνομαι
628 1149 718 1203 καὶ
765 1154 1081 1220 παραπαίω,
1136 1151 1204 1218 νὴ
1251 1152 1381 1212 τοὺς
1429 1151 1619 1220 θεούς,
1673 1151 1761 1203 καὶ
1809 1152 1875 1204 τὰ

185 1243 430 1307 παρόντα
454 1241 591 1307 ὄναρ
626 1235 768 1292 εἶναι
794 1241 957 1292 δοκεῖ.
997 1240 1300 1307 ἄνθρωπόν
1328 1259 1452 1292 τινα
1476 1239 1690 1308 ἀγαπῶ;
1722 1241 1875 1308 στέρ-

185 1349 262 1396 γω
311 1327 377 1381 δέ
418 1347 541 1380 τινα
589 1329 788 1396 ταύτης
835 1330 967 1381 ὄντα
1013 1336 1108 1396 τῆς
1158 1331 1553 1398 προσηγορίας;
1609 1326 1725 1381 ἀλλ’
1774 1328 1873 1397 οὐχ

186 1417 328 1470 οὕτω
368 1413 518 1469 ταῦτ’
565 1414 689 1485 ἔχει.
729 1417 832 1469 οὐκ
862 1415 1014 1470 ἔστιν
1044 1415 1388 1486 Ἀλκιβιάδης
1428 1415 1708 1486 Ἀθηναῖος
1747 1414 1866 1470 οὐδ’

185 1508 500 1573 ἄνθρωπος,
540 1507 611 1574 μὴ
643 1513 807 1558 τοῦτο
840 1504 1169 1575 ὑπολάβητε,
1208 1511 1370 1559 θεῖον
1404 1505 1468 1558 δέ
1493 1525 1547 1558 τι
1583 1506 1875 1573 φάντασμα

183 1593 238 1656 ἐξ
279 1595 594 1662 οὐρανόθεν
630 1591 768 1662 ἧκον
808 1595 868 1647 ἐν
906 1594 1037 1663 ἡμῖν
1076 1599 1350 1647 πλανᾶται
1388 1593 1478 1647 καὶ
1516 1595 1756 1657 κάλλους
1792 1614 1876 1657 τις

185 1683 486 1752 ἀρχέτυπος
549 1684 711 1736 εἰκὼν
774 1682 835 1735 ἐν
894 1685 1124 1755 τοιούτῳ
1181 1686 1436 1752 φαίνεται
1495 1689 1571 1754 τῷ
1630 1685 1875 1752 σχήματι.

183 1772 352 1824 πάλιν
391 1770 650 1840 ἐπιδημία
689 1777 859 1840 θεῶν,
898 1773 1064 1824 πάλιν
1097 1771 1442 1841 ἐπιφοίτησις
1473 1773 1551 1833 εἰς
1581 1773 1681 1841 τὴν
1710 1770 1874 1825 Ἀττι-

184 1862 287 1930 κὴν
333 1871 445 1914 τῶν
489 1863 835 1929 κρειττόνων.
875 1859 1151 1914 Ἀπόλλων
1204 1881 1286 1923 τις
1341 1860 1526 1929 ἕτερος
1579 1859 1639 1913 ἐκ
1681 1862 1874 1927 Δήλου

305 2028 329 2066 6
364 2022 421 2065 cf.
454 2037 498 2078 p.
525 2026 625 2075 552,
646 2026 713 2064 16.
748 2021 876 2064 Dem.
910 2020 1012 2064 fals.
1045 2020 1135 2077 leg.
1162 2036 1206 2078 p.
1234 2026 1335 2075 442,
1351 2025 1392 2063 4.
1427 2021 1503 2064 Ar.
1528 2020 1643 2064 Aah.
1669 2024 1754 2063 285

303 2086 329 2125 8
364 2081 419 2125 cf.
453 2096 497 2137 p.
524 2085 624 2134 537,
643 2085 697 2124 19
823 2085 876 2123 16
908 2080 959 2123 Il.
985 2083 1023 2123 θ
1049 2085 1102 2124 19
1134 2083 1182 2124 ef,
1214 2086 1291 2134 21;
1325 2098 1349 2135 ρ
1376 2084 1460 2123 548
1586 2085 1637 2122 17
1672 2079 1728 2123 cf.
1754 2083 1786 2123 1¹1.
1812 2078 1876 2123 [H

186 2145 257 2196 99,
275 2145 300 2183 3
319 2155 385 2196 sq.
417 2140 539 2184 Plut.
566 2139 663 2183 Alc.
693 2145 714 2183 1

307 2293 331 2331 2
365 2287 415 2331 δὲ
448 2302 524 2331 om
547 2288 727 2332 HLaD
760 2289 806 2330 et
838 2305 891 2343 γρ
924 2287 973 2330 in
1005 2301 1138 2344 marg
1162 2287 1262 2330 Mor
1382 2292 1408 2329 4
1443 2286 1566 2344 ἤχθη
1592 2288 1641 2331 D
1763 2291 1788 2329 6
1814 2284 1874 2330 ἂν

186 2345 365 2403 γένοιτο
406 2347 571 2402 scripsi
604 2360 659 2389 ex
683 2347 862 2390 HLaD
894 2348 942 2389 et
972 2364 1026 2403 γρ
1058 2346 1107 2388 in
1142 2362 1276 2402 marg
1308 2346 1408 2389 Mor
1469 2347 1700 2402 scriptura
1730 2345 1780 2388 in
1814 2345 1875 2390 Or

186 2421 350 2462 parum
383 2407 511 2449 certa
573 2404 731 2462 γέγονε
749 2405 1023 2450 BVaMacl
1047 2405 1136 2448 edd
1165 2409 1170 2459 Ι
1199 2408 1322 2463 βοῶν
1351 2420 1425 2450 om
1450 2407 1494 2448 B
1616 2409 1641 2448 8
1675 2403 1873 2459 προσρή-

187 2481 329 2521 ματος
362 2466 431 2508 Va
457 2467 464 2520 Ι
503 2463 778 2521 ἀλκιβιάδου
803 2465 851 2507 D
974 2469 998 2506 9
1033 2462 1223 2508 ἐσπείσω
1259 2466 1327 2508 Va
1359 2465 1439 2507 sed
1473 2478 1498 2507 σ
1529 2464 1654 2507 inser
1684 2463 1754 2506 m²

191 2530 244 2567 10
276 2525 501 2579 punctum
524 2526 632 2579 posb
656 2521 760 2581 βίου
784 2523 919 2579 posui
983 2523 1115 2566 colon
1141 2524 1214 2567 La
1277 2524 1463 2580 signum
1494 2522 1872 2579 interrogationis

187 2582 357 2639 reliqui
387 2583 497 2626 libri
528 2583 619 2626 edd
765 2587 817 2626 12
859 2579 980 2626 εἶναι
1012 2596 1086 2626 om
1111 2583 1159 2626 D
1209 2585 1216 2637 Ι
1266 2584 1388 2625 δοκῶ
1414 2584 1463 2626 D
1496 2585 1543 2626 et
1574 2599 1629 2638 γρ
1661 2582 1709 2624 in
1741 2594 1874 2637 marg

189 2642 290 2685 Mor
339 2647 343 2695 l
393 2659 498 2686 τινα
531 2642 694 2697 scripsi
729 2655 832 2684 cum
866 2640 1020 2684 Gasda
1089 2640 1194 2686 τινὰ
1229 2643 1444 2687 VaMaC'l
1514 2639 1619 2685 τίνα
1645 2640 1871 2685 HLaDB

189 2701 278 2744 edd
307 2704 312 2757 Ι
341 2701 504 2757 ἀγαπῶ
531 2700 695 2756 scripsi
755 2699 852 2756 ἄγω
885 2700 993 2743 libri
1018 2700 1107 2743 edd
1169 2700 1347 2757 ἄγαμαι
1376 2700 1538 2744 Iacobs
1564 2701 1674 2742 Lecss
1699 2704 1752 2742 97

192 2765 244 2802 13
279 2759 331 2804 δέ
352 2776 459 2802 τινα
483 2760 646 2815 scripsi
672 2772 696 2801 e
724 2760 868 2804 Maoz
891 2773 993 2802 oum
1020 2758 1175 2802 Gasda
1237 2759 1286 2802 δὲ
1317 2757 1423 2802 τίνοι
1446 2758 1614 2813 reliqui
1646 2757 1754 2802 libri
1781 2757 1873 2800 edd

316 2823 371 2862 14
403 2815 501 2861 ἀλλ’
532 2820 640 2861 ante
666 2820 751 2862 οὐκ
772 2820 821 2862 D
846 2820 893 2861 ee
915 2835 969 2875 γρ
994 2818 1044 2861 in
1066 2831 1200 2874 marg
1224 2818 1324 2861 Mor
1352 2823 1356 2870 1
1386 2818 1494 2862 οὐδὲ
1512 2819 1557 2861 Β
1680 2822 1733 2860 15
1759 2816 1873 2859 ὑπο-

189 2875 371 2935 λάβοιτε
398 2879 486 2921 Μα
513 2879 518 2933 Ι
548 2875 592 2920 δ’
623 2877 687 2921 ἔτι
711 2879 785 2920 La
910 2882 962 2919 16
997 2877 1042 2929 ἐξ
1066 2890 1139 2920 om
1166 2878 1210 2920 B
1238 2881 1243 2932 1
1272 2877 1380 2932 ὑμῖν
1405 2878 1454 2920 D
1577 2881 1629 2918 17
1654 2875 1798 2933 τούτῳ
1824 2876 1873 2919 D

192 2937 237 2978 et
267 2953 322 2991 γρ
354 2936 403 2978 in
435 2950 569 2991 marg
600 2936 701 2979 Mor
823 2940 875 2978 19
907 2934 977 2985 τίς
1002 2938 1076 2979 La
1090 2936 1211 2979 VaGl
