2026 3192
248 117 356 169 506
731 116 959 161 LIBANII
989 80 1380 160 DECLAMATIO
1414 116 1455 159 X

239 252 471 306 ’δέδοικα
509 254 583 321 μή
622 273 715 319 μοι
756 254 999 322 δυσμενῆ
1039 254 1238 323 ποιήσῃ
1272 254 1337 306 τὰ
1369 255 1669 322 πνεύματα,
1707 255 1779 322 μὴ
1811 256 1941 317 τοὺς

156 346 277 391 RIV
294 351 376 391 401
428 343 695 405 Αἰακίδας
735 341 990 411 ἐχθρούς,
1040 339 1046 413 Ι
1096 343 1168 411 μὴ
1207 343 1310 411 τὴν
1347 341 1630 396 θάλατταν
1668 341 1940 397 ἐναντίαν.

355 430 442 483 41.
469 429 757 499 ’Ήδιστον,
798 428 839 484 ὦ
879 433 1162 498 Νεόκλεις,
1201 431 1233 499 ἡ
1269 433 1541 500 συνήθεια
1572 440 1688 495 τοῖς
1718 431 1939 503 ἀνθρώ-

244 537 380 582 ποις.
436 522 705 589 βεβίωκας
753 521 887 573 ἄνευ
936 520 1069 587 ἐμοῦ
1114 521 1319 589 χρόνον
1365 521 1469 589 ἤδη
1518 523 1751 590 μακρόν·
1808 524 1938 590 ἔχου

200 629 219 662 5
244 616 339 676 τῆς
393 607 645 677 τέρψεως.
699 611 938 678 βεβίωκα
990 609 1089 662 τὸν
1142 608 1313 662 αὐτὸν
1366 610 1602 677 μηδενὸς
1655 619 1766 663 τῶν
1821 619 1936 663 σῶν

243 696 503 766 μετέχων·
552 698 617 751 οὐ
669 699 981 768 προήσομαι
1027 698 1129 766 τὴν
1175 697 1280 750 ἀπὸ
1327 699 1526 767 ταύτης
1572 706 1667 767 τῆς
1712 698 1934 767 μελέτη-ς

243 786 466 855 ἡδονήν.
523 788 688 857 χωρὶς
735 787 796 840 δὲ
842 788 1072 855 τούτων,
1121 785 1241 840 οὐδ’
1295 788 1472 850 ἄλλως
1511 786 1644 856 ἡμῖν
1693 784 1936 856 ἀσφαλὲς

243 886 536 930 συνοικεῖν.
601 875 815 943 λέγεται
877 877 980 946 γὰρ
1043 876 1144 944 τὴν
1206 876 1381 944 φύσιν
1442 874 1670 943 βέβαιόν
1730 895 1782 928 τι
1843 876 1934 929 καὶ

240 965 445 1034 πάγιον
483 959 637 1018 εἶναι.
679 967 750 1018 σὺ
788 966 890 1034 μὲν
929 961 1034 1018 οὖν
1073 961 1154 1018 ἐπ’
1201 966 1373 1034 ἄκρον
1419 964 1613 1033 ἀρετῆς
1658 964 1805 1032 ἥκεις
1843 965 1934 1018 καὶ

175 1075 218 1110 10
243 1051 361 1106 οὐδ’
423 1053 494 1107 ἂν
547 1064 665 1117 τοῖς
718 1056 1019 1123 φιλαιτίοις
1073 1056 1150 1117 εἰς
1205 1055 1388 1107 αἰτίαν
1442 1054 1701 1123 ἀφορμὴν
1762 1054 1932 1122 δοίης,

242 1142 346 1211 ἐγὼ
395 1140 457 1196 δὲ
503 1143 648 1212 γέμω
697 1143 1049 1212 νοσημάτων,
1097 1143 1130 1196 ἃ
1177 1150 1286 1196 νῦν
1330 1140 1431 1211 μὲν
1480 1148 1609 1206 ἴσως
1662 1143 1932 1212 ἡσυχάζει,

240 1234 444 1303 χρόνου
475 1233 537 1286 δὲ
567 1235 862 1302 προϊόντος
893 1235 1184 1301 κινήσεται.
1217 1231 1426 1301 ἀνάγκη
1462 1233 1529 1301 δὴ
1562 1232 1730 1285 πάλιν
1760 1231 1931 1284 ταύτὰ

238 1330 435 1389 ποιεῖν,
467 1320 801 1391 μέμφεσθαι,
832 1325 1129 1390 καταβοᾶν,
1162 1321 1428 1390 ἐγκαλεῖν,
1460 1329 1789 1391 κατηγορεῖν
1818 1330 1932 1374 τῶν

239 1412 570 1480 διαλλαγῶν,
605 1411 851 1464 ἐπαινεῖν
881 1412 983 1479 τὴν
1014 1409 1369 1479 ἀποκήρυξιν,
1400 1411 1774 1479 βουλεύεσθαι
1802 1408 1929 1479 περὶ

171 1519 214 1552 15
239 1499 510 1565 δευτέρας.
566 1498 729 1569 <καὶ>
783 1498 958 1553 οὐκέτ’
1021 1499 1090 1552 ἂν
1146 1498 1278 1566 ἐμὸν
1332 1505 1414 1568 εἴη
1470 1501 1643 1567 μόνον
1696 1500 1928 1567 ὄνειδος,

238 1587 376 1641 ἀλλὰ
419 1589 510 1642 καὶ
558 1584 636 1642 ὧν
688 1588 977 1657 ἡγησάμην
1027 1588 1285 1641 ἁπάντων
1321 1587 1644 1657 Ἀθηναίων.
1721 1588 1808 1640 42.
1848 1585 1920 1641 ἵν’

238 1673 341 1730 οὗν
402 1679 474 1746 μὴ
544 1679 888 1747 χαλεπώτερα
950 1677 1376 1746 ἐπισπασώμεθα
1446 1677 1584 1729 κακὰ
1645 1675 1768 1745 μηδ’
1838 1675 1926 1730 ἐπὶ

234 1770 421 1838 πολλῷ
475 1764 860 1836 συνέλθωμεν,
915 1769 1200 1835 στήσωμεν
1254 1764 1522 1819 ἐνταυθοῖ
1574 1767 1635 1818 τὸ
1689 1773 1926 1835 πρᾶγμα.

236 1854 404 1908 οὐδὲν
447 1854 638 1922 δέομαι
685 1856 988 1925 χρημάτων.
1044 1855 1199 1926 ἀρκεῖ
1242 1875 1336 1923 μοι
1382 1856 1442 1908 τὸ
1490 1853 1647 1924 μέχρι
1687 1855 1926 1908 Σούσων

167 1964 211 2000 20
234 1943 544 2013 ἀφιγμένον
591 1945 778 2014 ὄνομα.
833 1945 902 1998 οὐ
951 1946 1035 1997 δεῖ
1082 1943 1309 2013 βασιλέα
1357 1951 1614 1997 τοιοῦτον
1660 1941 1926 2006 δέξασθαι

234 2034 418 2100 λόγον,
459 2033 531 2095 ὡς
571 2031 677 2101 ἐγὼ
717 2035 907 2103 μικρός
946 2035 1028 2096 τίς
1067 2035 1177 2103 εἰμι
1217 2034 1318 2101 τὴν
1348 2034 1576 2101 γνώμην
1606 2032 1695 2084 καὶ
1727 2033 1925 2085 καλού-

353 2198 377 2236 2
410 2193 520 2238 Her.
544 2193 651 2237 VIII
676 2198 732 2238 64
855 2198 907 2236 17
941 2194 997 2238 cf.
1031 2196 1062 2237 t.
1089 2194 1131 2237 Π
1156 2197 1256 2249 348,
1274 2199 1299 2236 3
1424 2198 1477 2236 19
1511 2192 1567 2238 cf.
1601 2209 1645 2250 p.
1672 2197 1772 2246 481,
1792 2197 1847 2235 23

354 2347 375 2384 1
410 2357 464 2397 με
489 2344 518 2386 1
543 2346 548 2396 Ι
578 2343 785 2398 δυσμενῆ
802 2343 989 2398 reposui
1023 2356 1046 2386 e
1078 2341 1210 2385 libris
1242 2342 1296 2384 ut
1320 2341 1425 2384 coni
1455 2341 1523 2385 Re
1586 2342 1802 2396 δυσμενεῖ
1830 2340 1920 2383 edd

352 2407 377 2443 3
403 2399 593 2457 ἥδιστον
618 2427 674 2432 ——
699 2402 973 2456 ἀνθρώποις
997 2401 1116 2445 citat
1139 2400 1320 2445 omissis
1343 2395 1553 2444 verbis
1523 2419 1558 2443 ω
1575 2398 1797 2450 Νεόκλεις
1820 2399 1919 2442 Ma-

233 2460 383 2503 carius
415 2459 582 2504 f0186
724 2465 751 2502 4
783 2459 873 2517 ἤδη
907 2475 980 2504 om
1008 2461 1047 2505 O
1185 2466 1209 2503 5
1242 2467 1334 2504 τῶν
1366 2460 1519 2503 αὐτῶν
1552 2458 1638 2516 ἐγὼ
1671 2458 1868 2531 μηδενὸς
1892 2460 1928 2503 Ι

353 2524 375 2562 7
409 2519 628 2575 ἀσφαλῶς
652 2520 687 2563 Ι
812 2524 863 2562 11
898 2517 1048 2576 γέμων
1073 2521 1118 2563 Β
1255 2523 1308 2561 12
1342 2517 1392 2564 δε
1418 2520 1453 2562 Ι
1495 2521 1500 2574 Ι
1549 2516 1696 2561 ταύτὰ
1726 2517 1867 2561 πάλιν
1891 2519 1927 2561 Ι

236 2577 240 2635 ξ
276 2577 422 2622 ταύτὰ
455 2578 620 2634 scripsi
645 2591 699 2621 ex
724 2580 759 2622 I
813 2586 958 2622 ταῦτα
985 2579 1224 2623 GBLLau
1247 2578 1337 2622 edd
1462 2582 1515 2620 14
1541 2579 1750 2633 ἀλλαγῶν
1777 2577 1859 2621 OB

231 2636 381 2681 ἄλλων
407 2637 514 2681 Lau
542 2640 547 2693 Ι
576 2637 883 2695 βουλεύεσθαι
915 2637 1078 2694 scripsi
1111 2650 1135 2681 e
1163 2638 1305 2682 OLau
1329 2638 1383 2680 ut
1407 2636 1512 2680 coni
1535 2636 1603 2679 Re
1664 2635 1917 2693 βούλεσθαι

229 2697 361 2741 BLI
498 2702 551 2739 15
569 2695 737 2770 (καὶ)
770 2696 944 2740 inserui
978 2711 1033 2740 ex
1058 2698 1098 2751 I,
1130 2699 1183 2739 ut
1207 2696 1312 2740 coni
1345 2695 1502 2739 Grasda
1571 2709 1645 2738 om
1680 2694 1918 2738 GBLLau

231 2754 322 2798 edd
371 2757 377 2811 Ι
428 2752 581 2799 οὐκέτ’
618 2753 694 2812 αν]
735 2763 892 2809 τοῦτο
933 2756 987 2799 οὔ
1013 2758 1048 2799 Ι
1090 2758 1095 2811 Ι
1146 2755 1256 2812 ἐμὸν
1295 2754 1364 2811 εἴη
1409 2752 1555 2811 μόνον
1587 2753 1751 2809 scripsi
1782 2767 1808 2797 e
1834 2754 1914 2798 OB

230 2814 339 2859 Lau
401 2813 469 2870 εἴη
505 2814 614 2870 ἐμὸν
646 2813 791 2887 μόνον
815 2816 858 2859 L
891 2814 980 2858 edd
1043 2814 1187 2870 μόνον
1219 2814 1330 2870 ἐμὸν
1362 2812 1431 2869 εἴη
1457 2815 1492 2858 Ι
1608 2816 1660 2855 16
1693 2811 1915 2857 ἁπάντων

230 2885 304 2915 om
330 2873 363 2914 I
480 2877 531 2916 17
566 2873 626 2929 μὴ
660 2871 707 2917 δ’
734 2874 918 2918 LILau
1041 2877 1095 2916 18
1127 2881 1253 2917 κακῶ
1280 2875 1314 2916 Ι
1334 2874 1339 2928 Ι
1376 2871 1604 2916 ἐνταυθοῖ
1633 2871 1863 2929 στήσωμεν
1887 2875 1922 2917 Ι

351 2936 403 2974 19
438 2933 492 2975 οὐ
520 2931 557 2975 C
675 2937 730 2976 20
761 2931 984 2990 βασιλέων
1009 2933 1117 2976 Lau
