2026 3192
709 126 958 171 TIMONIS
992 125 1215 172 ORATIO
1695 127 1801 179 557

113 266 270 331 ρετός
324 284 406 326 τις
459 264 610 331 τιμή,
665 270 799 315 πᾶσι
853 261 903 316 δ’
968 267 1058 315 ἴσα
1116 261 1368 331 ἐρασταῖς
1429 263 1518 315 καὶ
1581 263 1804 324 δούλοις

113 353 396 406 ἐπιτάττει.
458 354 632 415 πολὺς
687 349 734 404 δ’
790 351 819 405 ὁ
876 354 1032 420 ζῆλος
1085 360 1201 414 τοῖς
1254 352 1614 420 κακοδαίμοσι
1668 353 1805 417 πρὸς

113 439 366 504 ἑαυτούς·
405 447 482 512 τῷ
522 442 663 494 δεῖνι
702 443 1137 509 προσεκολλήθη.
1178 440 1457 508 μακάριος.
1495 440 1803 508 ὑπεμειδία-

111 545 210 583 σεν
258 528 437 602 ἑτέρῳ.
486 531 719 598 ζηλωτὸς
767 528 986 591 ἐκεῖνος.
1035 529 1271 598 προῦπιε
1310 537 1384 601 τῷ
1425 529 1566 582 δεῖνι
1616 531 1677 582 τὸ
1718 526 1803 581 ἔκ-

110 637 286 685 πωμα.
349 617 430 671 ὅδ’
478 618 758 681 ἀθάνατος
813 619 905 670 διὰ
958 619 1059 686 τὴν
1112 619 1288 687 τιμήν.
1350 618 1439 671 40.
1491 618 1595 686 ἐγὼ
1645 616 1693 671 δ’
1743 617 1804 670 ἐν
1851 638 1869 670 5

112 718 246 761 πᾶσι
293 708 384 761 καὶ
431 715 713 776 πανταχοῦ
768 708 1027 777 δεύτερος
1071 700 1361 776 τυγχάνων
1418 709 1660 776 ἄχθομαι
1713 708 1804 760 καὶ

113 797 693 866 παρευδοκιμούμενος
733 796 799 848 οὐ
841 795 1008 865 φέρω.
1056 796 1123 848 οὐ
1171 797 1341 848 ταῦτά
1379 816 1445 865 με
1486 795 1735 861 ἐδίδαξεν
1774 795 1803 849 ὁ

112 888 333 954 τρόπος,
368 885 517 953 ἐρᾶν,
556 885 807 952 μεθύειν,
847 884 1138 954 αὐλητρίδι
1170 891 1661 953 προσανακεῖσθαι,
1699 905 1804 938 κω-

113 973 318 1042 μάζειν,
360 973 496 1027 ἀλλὰ
538 975 774 1042 βιάζεται
814 973 846 1041 ἡ
888 975 1166 1043 συμφορά,
1206 974 1295 1026 καὶ
1337 973 1365 1027 ὁ
1405 971 1543 1042 ἔρως
1582 975 1703 1042 ἄγει
1738 994 1804 1042 με

111 1063 250 1131 πρὸς
296 1064 362 1115 τὰ
409 1066 666 1132 χείριστα,
722 1063 813 1115 καὶ
860 1062 1066 1115 ταύτὸν
1110 1061 1394 1116 πέπονθεν
1432 1064 1465 1131 ἡ
1513 1063 1659 1132 ψυχὴ
1705 1064 1804 1116 τὸν
1829 1083 1871 1115 ιο

113 1152 379 1219 λογισμὸν
427 1151 794 1219 ἀφαιρεθεῖσα
856 1160 966 1229 τῷν
1020 1151 1279 1220 ἁρμάτων
1333 1151 1563 1214 ἐκείνοις
1616 1150 1649 1203 ἃ
1706 1154 1805 1203 τὸν

112 1241 342 1310 ἡνίοχον
382 1240 484 1293 οὐκ
523 1239 719 1309 ἔχοντα
758 1240 1000 1303 ἀτάκτως
1047 1247 1272 1310 φέρεται
1318 1247 1392 1313 τῷ
1434 1242 1620 1312 δρόμῳ
1668 1258 1803 1293 παν-

111 1337 296 1399 ταχοῦ.
359 1330 446 1382 41.
502 1332 579 1392 εἰς
622 1330 747 1382 οἵαν
793 1326 975 1397 ἦλθον
1015 1330 1044 1383 ὁ
1084 1331 1435 1396 κακοδαίμων
1481 1332 1804 1398 μεταβολήν.

112 1412 204 1472 οἷα
241 1417 484 1487 ὑπέστην
523 1417 551 1471 ὁ
594 1420 881 1487 δυστυχής.
927 1418 1179 1471 κολάκων
1225 1417 1486 1488 ἀνέχομαι
1534 1416 1624 1471 καὶ
1672 1432 1804 1486 συγ-

112 1511 505 1574 κατακλίνομαι
543 1517 658 1569 τοῖς
705 1507 1022 1576 ἡταιρηκόσι
1060 1506 1148 1560 καὶ
1190 1509 1450 1576 αὐλητρίς
1495 1527 1588 1573 μοι
1635 1509 1802 1576 πρόσ-
1828 1529 1868 1560 15

113 1610 220 1649 εισι
259 1597 350 1649 καὶ
390 1595 762 1665 ὀρχουμένους
807 1601 1022 1664 θεῶμαι
1077 1595 1165 1649 καὶ
1204 1603 1280 1669 τῷ
1328 1597 1592 1648 Κλεινίου
1632 1614 1803 1662 παρα-

110 1689 371 1739 κολουθῶ
422 1686 428 1753 Ι
477 1684 781 1752 κωμάζοντι
819 1683 910 1737 καὶ
949 1686 1219 1754 μεθύοντι
1257 1694 1369 1737 τῶν
1407 1693 1625 1737 νυκτῶν
1669 1689 1790 1733 RIV
1809 1693 1893 1734 194

113 1773 252 1840 ἀωρὶ
299 1774 389 1826 καὶ
436 1783 556 1836 ταῖς
602 1772 922 1840 ἐπιθυμίαις
976 1775 1223 1827 δουλεύω
1278 1783 1398 1836 ταῖς
1441 1772 1802 1840 Ἀλκιβιάδου.

233 1953 257 1991 3
291 1949 406 1992 Plat.
441 1949 531 2006 leg.
558 1949 599 1991 V
621 1964 665 2005 p.
695 1954 778 1992 728
796 1950 833 1992 B
957 1954 979 1991 ’ἲ
1014 1949 1070 1992 cf.
1097 1964 1142 2005 p.
1163 1954 1261 2002 551,
1282 1954 1320 1992 7.
1353 1949 1461 1992 Luc.
1479 1949 1684 1993 Hermot.
1703 1954 1727 2002 ξ
1747 1953 1799 1991 51

235 2012 289 2051 10
315 2023 382 2064 sq.
410 2008 582 2067 [Isocr]
608 2009 800 2052 Demon.
827 2014 851 2062 ξ
879 2013 933 2052 32
966 2024 1010 2064 p.
1031 2013 1095 2052 93.
1219 2013 1271 2052 18
1304 2008 1412 2054 Luc.
1440 2021 1537 2052 eno.
1563 2008 1692 2051 Dem.
1719 2013 1743 2061 ἓ
1764 2013 1800 2051 1.

113 2067 254 2180 ὲτξίεὲ.
280 2068 525 2183 ἓοοΙΙὶέιὲδΙέ
561 2067 751 2124 Antiph.
779 2068 932 2111 tetral.
959 2069 998 2110 A
1023 2085 1053 2111 α
1079 2072 1102 2121 ξ
1128 2073 1154 2111 4
1179 2083 1223 2124 p.
1245 2072 1405 2122 115,8;
1438 2069 1467 2126 β
1492 2072 1516 2121 ξ
1537 2072 1561 2111 ὃ
1585 2082 1630 2124 p.
1652 2072 1802 2122 117‚1;

115 2288 223 2392 οὐδὲ
257 2286 339 2345 μία
368 2290 655 2334 CrVaMaOl
717 2287 821 2334 οὐδ’
860 2288 965 2346 ἐμία
990 2291 1047 2334 Η
1102 2290 1157 2333 οὐ
1189 2286 1273 2344 μία
1298 2291 1347 2334 D
1380 2290 1470 2332 edd
1513 2290 1519 2347 Ι
1563 2291 1618 2334 οὐ
1651 2288 1802 2342 δεξαί-

115 2363 190 2403 ρετ
222 2365 244 2398 ς
268 2350 325 2392 Η

235 2413 257 2450 1
291 2425 360 2459 τις
390 2408 563 2451 inserui
596 2421 620 2451 e
647 2409 956 2453 OrHBMaCl
989 2409 1076 2451 Par
1108 2413 1221 2450 3017
1256 2422 1360 2451 eum
1394 2408 1697 2452 Boissonadio
1722 2408 1750 2451 l.
1772 2408 1799 2451 l.

174 2480 249 2510 om
280 2468 321 2510 Ι)
335 2468 402 2510 Va
433 2467 525 2510 edd
551 2469 557 2524 ἱ
586 2468 637 2512 δὲ
664 2468 780 2512 GrH
810 2470 815 2523 Ι
853 2467 928 2511 ἴσα
962 2467 1126 2523 scripsi
1188 2468 1249 2516 ὡς
1280 2467 1389 2511 libri
1420 2467 1511 2511 edd
1547 2471 1552 2523 Ι
1588 2469 1802 2522 ἐρασταῖς

114 2527 192 2568 καὶ,
234 2526 418 2576 δούλοις
456 2526 619 2582 scripsi
652 2540 676 2570 e
705 2527 914 2572 OrHDB
998 2526 1184 2577 δούλοις
1216 2526 1430 2580 ἐρασταῖς
1461 2527 1680 2571 VaMaCc
1710 2527 1801 2570 edd

174 2586 235 2634 ὡς
266 2586 451 2635 δούλοις
480 2592 578 2636 τοῖς
609 2585 822 2640 ἐρασταῖς
854 2586 958 2630 coni
991 2586 1057 2628 Re
1180 2590 1204 2626 2
1238 2584 1290 2630 δὲ
1324 2586 1392 2629 Va
1514 2590 1539 2628 3
1571 2589 1634 2645 τῷ
1660 2587 1799 2643 δεῖνι]

114 2642 393 2698 προσωδίνει
418 2645 476 2688 Η
551 2645 842 2700 προσωὸύνει
867 2647 916 2689 D
984 2645 1214 2700 scriptura
1244 2644 1294 2687 in
1329 2645 1388 2688 Or
1418 2659 1581 2701 parum
1615 2647 1742 2689 certa
1791 2654 1795 2702 ξ

113 2701 434 2759 προσεκλήθης
466 2703 594 2748 DVa
662 2718 834 2757 προσεκ
865 2706 888 2746 λ
920 2703 1016 2760 ήθη
1046 2705 1132 2748 Μα
1165 2704 1244 2746 sed
1277 2706 1300 2747 λ
1331 2704 1381 2747 in
1413 2717 1486 2747 ras
1511 2704 1581 2747 m⁸
1612 2708 1660 2749 et
1692 2706 1800 2747 ante

116 2763 164 2804 et
194 2765 301 2816 post
332 2765 355 2804 λ
386 2775 461 2805 ras
496 2767 518 2805 1
551 2762 631 2806 litt
679 2766 685 2819 Ι
736 2761 1056 2818 ἐπεμειδίασεν
1082 2764 1126 2806 Β
1247 2767 1274 2804 4
1306 2762 1585 2817 προῦπιεγ-
1612 2763 1800 2820 ἔκπωμα

116 2820 234 2864 citat
264 2820 379 2863 Plan
411 2821 478 2864 fol
503 2825 612 2865 105'
671 2822 901 2877 προῦπιεν
929 2822 1104 2872 ἐκεῖνος
1135 2821 1251 2864 Plan
1374 2827 1397 2864 7
1430 2823 1800 2879 παρευδοκιμού-

117 2894 253 2934 μενος
280 2882 366 2923 Ma
399 2880 481 2922 sed
514 2883 569 2925 δο
601 2881 650 2923 in
680 2894 755 2924 ras
787 2881 856 2923 m·⁹’
993 2886 1017 2923 9
1052 2879 1196 2938 βιάζει
1228 2896 1281 2936 με
1316 2882 1383 2925 Va
1515 2886 1568 2924 12
1601 2881 1729 2937 δήμω
1756 2883 1800 2925 Β

239 2943 292 2981 15
323 2937 538 2991 πρόσεστι
571 2940 640 2983 Va
672 2940 753 2984 sed
784 2938 990 2994 πρόσεισι
1022 2940 1070 2982 in
1102 2953 1236 2995 marg
1267 2939 1336 2982 m²
