<?xml version="1.0" encoding="UTF-8"?>
<!DOCTYPE html PUBLIC "-//W3C//DTD XHTML 1.0 Transitional//EN"
    "http://www.w3.org/TR/xhtml1/DTD/xhtml1-transitional.dtd">
<html xmlns="http://www.w3.org/1999/xhtml" xml:lang="en" lang="en">
 <head>
  <title>
</title>
<meta http-equiv="Content-Type" content="text/html;charset=utf-8" />
  <meta name='ocr-system' content='tesseract 3.04.00' />
  <meta name='ocr-capabilities' content='ocr_page ocr_carea ocr_par ocr_line ocrx_word'/>
</head>
<body>
  <div class='ocr_page' id='page_1' title='image "./operarecensuitri05libauoft/operarecensuitri05libauoft_0522.png"; bbox 0 0 2026 3192; ppageno 0'>
   <div class='ocr_carea' id='block_1_1' title="bbox 231 111 1448 162">
    <p class='ocr_par' dir='ltr' id='par_1_1' title="bbox 231 111 1448 162">
     <span class='ocr_line' id='line_1_1' title="bbox 231 111 1448 162; baseline -0.006 0"><span class='ocrx_word' id='word_1_1' title='bbox 231 111 338 162; x_wconf 76' lang='grc'><em>512</em></span> <span class='ocrx_word' id='word_1_2' title='bbox 699 111 925 155; x_wconf 88' lang='lat' dir='ltr'><strong>LIBANII</strong></span> <span class='ocrx_word' id='word_1_3' title='bbox 959 111 1352 156; x_wconf 84' lang='lat' dir='ltr'>DECLAMATIO</span> <span class='ocrx_word' id='word_1_4' title='bbox 1385 113 1448 155; x_wconf 86' lang='lat' dir='ltr'><em>XI</em></span> 
     </span>
    </p>
   </div>
   <div class='ocr_carea' id='block_1_2' title="bbox 150 245 1921 2115">
    <p class='ocr_par' dir='ltr' id='par_1_2' title="bbox 183 245 1921 850">
     <span class='ocr_line' id='line_1_2' title="bbox 226 245 1919 321; baseline 0.002 -23"><span class='ocrx_word' id='word_1_5' title='bbox 226 254 414 318; x_wconf 90' lang='grc' dir='ltr'><em>πεσεῖν</em></span> <span class='ocrx_word' id='word_1_6' title='bbox 457 245 547 298; x_wconf 83' lang='grc' dir='ltr'><em>καὶ</em></span> <span class='ocrx_word' id='word_1_7' title='bbox 595 247 695 315; x_wconf 83' lang='grc' dir='ltr'><em>τὴν</em></span> <span class='ocrx_word' id='word_1_8' title='bbox 742 247 916 316; x_wconf 86' lang='grc' dir='ltr'><em>αὐτὴν</em></span> <span class='ocrx_word' id='word_1_9' title='bbox 956 250 1306 320; x_wconf 81' lang='grc' dir='ltr'><em>Κυναιγείρῳ</em></span> <span class='ocrx_word' id='word_1_10' title='bbox 1354 268 1411 302; x_wconf 89' lang='grc' dir='ltr'><em>τε</em></span> <span class='ocrx_word' id='word_1_11' title='bbox 1457 249 1547 301; x_wconf 83' lang='grc' dir='ltr'><em>καὶ</em></span> <span class='ocrx_word' id='word_1_12' title='bbox 1587 251 1919 321; x_wconf 79' lang='grc' dir='ltr'><em>Καλλιμάχῳ</em></span> 
     </span>
     <span class='ocr_line' id='line_1_3' title="bbox 228 333 1921 407; baseline 0.003 -21"><span class='ocrx_word' id='word_1_13' title='bbox 228 333 491 398; x_wconf 81' lang='grc' dir='ltr'><em>δέξασθαι</em></span> <span class='ocrx_word' id='word_1_14' title='bbox 530 338 811 404; x_wconf 85' lang='grc' dir='ltr'><em>τελευτήν·</em></span> <span class='ocrx_word' id='word_1_15' title='bbox 861 335 977 389; x_wconf 79' lang='grc' dir='ltr'><em>ἐπεὶ</em></span> <span class='ocrx_word' id='word_1_16' title='bbox 1017 333 1076 389; x_wconf 75' lang='grc' dir='ltr'><em>δὲ</em></span> <span class='ocrx_word' id='word_1_17' title='bbox 1115 336 1206 389; x_wconf 83' lang='grc' dir='ltr'><em>καὶ</em></span> <span class='ocrx_word' id='word_1_18' title='bbox 1247 338 1546 406; x_wconf 86' lang='grc' dir='ltr'><em>νενικηκὼς</em></span> <span class='ocrx_word' id='word_1_19' title='bbox 1590 336 1680 390; x_wconf 84' lang='grc' dir='ltr'><em>καὶ</em></span> <span class='ocrx_word' id='word_1_20' title='bbox 1721 341 1921 407; x_wconf 80' lang='grc' dir='ltr'><strong><em>στήσας</em></strong></span> 
     </span>
     <span class='ocr_line' id='line_1_4' title="bbox 226 423 1919 496; baseline 0.003 -21"><span class='ocrx_word' id='word_1_21' title='bbox 226 424 287 475; x_wconf 90' lang='grc' dir='ltr'><em>τὸ</em></span> <span class='ocrx_word' id='word_1_22' title='bbox 343 424 607 492; x_wconf 82' lang='grc' dir='ltr'><em>τρόπαιον</em></span> <span class='ocrx_word' id='word_1_23' title='bbox 662 424 764 477; x_wconf 84' lang='grc' dir='ltr'><em>οὐκ</em></span> <span class='ocrx_word' id='word_1_24' title='bbox 819 423 1067 493; x_wconf 78' lang='grc' dir='ltr'><em>ἐδυνήθη</em></span> <span class='ocrx_word' id='word_1_25' title='bbox 1123 433 1218 494; x_wconf 85' lang='grc' dir='ltr'><em>τῆς</em></span> <span class='ocrx_word' id='word_1_26' title='bbox 1271 423 1408 492; x_wconf 72' lang='grc' dir='ltr'><em>ὑπὲρ</em></span> <span class='ocrx_word' id='word_1_27' title='bbox 1462 426 1620 495; x_wconf 86' lang='grc' dir='ltr'><em>ὑμῶν</em></span> <span class='ocrx_word' id='word_1_28' title='bbox 1671 427 1919 496; x_wconf 83' lang='grc' dir='ltr'><em>οὐδαμοῦ</em></span> 
     </span>
     <span class='ocr_line' id='line_1_5' title="bbox 226 512 1920 585; baseline 0.003 -21"><span class='ocrx_word' id='word_1_29' title='bbox 226 520 419 580; x_wconf 80' lang='grc' dir='ltr'><em>στῆναι</em></span> <span class='ocrx_word' id='word_1_30' title='bbox 464 515 805 583; x_wconf 80' lang='grc' dir='ltr'><em>προθυμίας,</em></span> <span class='ocrx_word' id='word_1_31' title='bbox 861 512 979 566; x_wconf 81' lang='grc' dir='ltr'><em>ἀλλ’</em></span> <span class='ocrx_word' id='word_1_32' title='bbox 1036 512 1170 583; x_wconf 80' lang='grc' dir='ltr'><em>ἕτερ’</em></span> <span class='ocrx_word' id='word_1_33' title='bbox 1233 514 1408 577; x_wconf 86' lang='grc' dir='ltr'><em>εὐθὺς</em></span> <span class='ocrx_word' id='word_1_34' title='bbox 1463 514 1699 584; x_wconf 79' lang='grc' dir='ltr'><strong><em>ἐπενόει,</em></strong></span> <span class='ocrx_word' id='word_1_35' title='bbox 1755 515 1920 585; x_wconf 82' lang='grc' dir='ltr'><strong><em>ἐχρῆν</em></strong></span> 
     </span>
     <span class='ocr_line' id='line_1_6' title="bbox 183 600 1920 673; baseline 0.002 -20"><span class='ocrx_word' id='word_1_36' title='bbox 183 621 202 653; x_wconf 83' lang='lat'>5</span> <span class='ocrx_word' id='word_1_37' title='bbox 227 601 399 654; x_wconf 89' lang='grc' dir='ltr'><em>αὐτὸν</em></span> <span class='ocrx_word' id='word_1_38' title='bbox 438 600 499 654; x_wconf 80' lang='grc' dir='ltr'><em>ἐν</em></span> <span class='ocrx_word' id='word_1_39' title='bbox 537 612 652 664; x_wconf 80' lang='grc' dir='ltr'><em>τοῖς</em></span> <span class='ocrx_word' id='word_1_40' title='bbox 692 601 970 671; x_wconf 79' lang='grc' dir='ltr'><em>δευτέροις</em></span> <span class='ocrx_word' id='word_1_41' title='bbox 1019 611 1158 670; x_wconf 92' lang='grc' dir='ltr'><em>γοῦν</em></span> <span class='ocrx_word' id='word_1_42' title='bbox 1207 604 1423 666; x_wconf 78' lang='grc' dir='ltr'><em>τούτοις</em></span> <span class='ocrx_word' id='word_1_43' title='bbox 1470 603 1778 656; x_wconf 81' lang='grc' dir='ltr'><em>ἀποθανεῖν</em></span> <span class='ocrx_word' id='word_1_44' title='bbox 1820 624 1920 673; x_wconf 91' lang='grc' dir='ltr'><em>μη-</em></span> 
     </span>
     <span class='ocr_line' id='line_1_7' title="bbox 225 689 1916 761; baseline 0.002 -19"><span class='ocrx_word' id='word_1_45' title='bbox 225 691 547 758; x_wconf 85' lang='grc' dir='ltr'><em>χανώμενον</em></span> <span class='ocrx_word' id='word_1_46' title='bbox 603 689 748 744; x_wconf 81' lang='grc' dir='ltr'><em>ἑλεῖν</em></span> <span class='ocrx_word' id='word_1_47' title='bbox 801 693 930 754; x_wconf 87' lang='grc' dir='ltr'><em>τοὺς</em></span> <span class='ocrx_word' id='word_1_48' title='bbox 991 691 1288 761; x_wconf 78' lang='grc' dir='ltr'><em>ὑμετέρους</em></span> <span class='ocrx_word' id='word_1_49' title='bbox 1352 692 1612 760; x_wconf 83' lang='grc' dir='ltr'><em>ἐχθρούς·</em></span> <span class='ocrx_word' id='word_1_50' title='bbox 1677 691 1792 746; x_wconf 81' lang='grc' dir='ltr'><em>ἐπεὶ</em></span> <span class='ocrx_word' id='word_1_51' title='bbox 1856 690 1916 746; x_wconf 76' lang='grc' dir='ltr'><em>δὲ</em></span> 
     </span>
     <span class='ocr_line' id='line_1_8' title="bbox 226 778 1919 850; baseline 0.002 -19"><span class='ocrx_word' id='word_1_52' title='bbox 226 778 640 847; x_wconf 80' lang='grc' dir='ltr'><em>ἐφιλονείκησεν</em></span> <span class='ocrx_word' id='word_1_53' title='bbox 691 779 718 832; x_wconf 88' lang='grc' dir='ltr'>ὁ</span> <span class='ocrx_word' id='word_1_54' title='bbox 773 781 987 848; x_wconf 89' lang='grc' dir='ltr'><em>δαίμων</em></span> <span class='ocrx_word' id='word_1_55' title='bbox 1037 781 1321 849; x_wconf 82' lang='grc' dir='ltr'><em>δεσμώτην</em></span> <span class='ocrx_word' id='word_1_56' title='bbox 1375 780 1547 844; x_wconf 82' lang='grc' dir='ltr'><em>δεῖξαι</em></span> <span class='ocrx_word' id='word_1_57' title='bbox 1602 782 1919 850; x_wconf 78' lang='grc' dir='ltr'><em>Μιλτιάδην</em></span> 
     </span>
    </p>

    <p class='ocr_par' dir='ltr' id='par_1_3' title="bbox 150 858 1919 2092">
     <span class='ocr_line' id='line_1_9' title="bbox 150 858 1918 942; baseline 0.002 -23"><span class='ocrx_word' id='word_1_58' title='bbox 150 858 157 875; x_wconf 65' lang='grc'><strong>”</strong></span> <span class='ocrx_word' id='word_1_59' title='bbox 223 866 313 919; x_wconf 82' lang='grc' dir='ltr'><em>καὶ</em></span> <span class='ocrx_word' id='word_1_60' title='bbox 354 869 605 921; x_wconf 85' lang='grc' dir='ltr'><em>θανάτου</em></span> <span class='ocrx_word' id='word_1_61' title='bbox 644 875 929 941; x_wconf 75' lang='grc' dir='ltr'><em>στρατηγῷ</em></span> <span class='ocrx_word' id='word_1_62' title='bbox 968 868 1274 939; x_wconf 83' lang='grc' dir='ltr'><em>πρέποντος</em></span> <span class='ocrx_word' id='word_1_63' title='bbox 1314 869 1596 939; x_wconf 83' lang='grc' dir='ltr'><em>ἐφθόνησε</em></span> <span class='ocrx_word' id='word_1_64' title='bbox 1627 876 1702 942; x_wconf 75' lang='grc' dir='ltr'><em>τῷ</em></span> <span class='ocrx_word' id='word_1_65' title='bbox 1736 873 1918 939; x_wconf 76' lang='grc' dir='ltr'><em>πατρί,</em></span> 
     </span>
     <span class='ocr_line' id='line_1_10' title="bbox 224 953 1919 1029; baseline 0.002 -21"><span class='ocrx_word' id='word_1_66' title='bbox 224 955 455 1023; x_wconf 76' lang='grc' dir='ltr'><em>γένεσθε</em></span> <span class='ocrx_word' id='word_1_67' title='bbox 495 958 651 1025; x_wconf 80' lang='grc' dir='ltr'><em>ἡμῖν,</em></span> <span class='ocrx_word' id='word_1_68' title='bbox 700 953 741 1010; x_wconf 81' lang='grc' dir='ltr'>ὦ</span> <span class='ocrx_word' id='word_1_69' title='bbox 791 959 993 1027; x_wconf 77' lang='grc' dir='ltr'><em>ἄνδρες</em></span> <span class='ocrx_word' id='word_1_70' title='bbox 1042 957 1347 1027; x_wconf 81' lang='grc' dir='ltr'><em>Ἀθηναῖοι,</em></span> <span class='ocrx_word' id='word_1_71' title='bbox 1396 962 1919 1029; x_wconf 86' lang='grc' dir='ltr'><em>φιλανθρωπότεροι</em></span> 
     </span>
     <span class='ocr_line' id='line_1_11' title="bbox 159 1045 1918 1116; baseline 0.002 -17"><span class='ocrx_word' id='word_1_72' title='bbox 159 1066 200 1099; x_wconf 88' lang='grc' dir='ltr'><em>ιο</em></span> <span class='ocrx_word' id='word_1_73' title='bbox 224 1053 318 1113; x_wconf 78' lang='grc' dir='ltr'><em>τῆς</em></span> <span class='ocrx_word' id='word_1_74' title='bbox 365 1047 541 1115; x_wconf 74' lang='grc' dir='ltr'><em>Τύχης</em></span> <span class='ocrx_word' id='word_1_75' title='bbox 588 1045 678 1099; x_wconf 83' lang='grc' dir='ltr'><em>καὶ</em></span> <span class='ocrx_word' id='word_1_76' title='bbox 726 1046 1080 1116; x_wconf 86' lang='grc' dir='ltr'><em>μετενέγκατε</em></span> <span class='ocrx_word' id='word_1_77' title='bbox 1130 1049 1226 1100; x_wconf 88' lang='grc' dir='ltr'><em>τὸν</em></span> <span class='ocrx_word' id='word_1_78' title='bbox 1273 1048 1478 1114; x_wconf 89' lang='grc' dir='ltr'><em>δεσμὸν</em></span> <span class='ocrx_word' id='word_1_79' title='bbox 1524 1048 1629 1100; x_wconf 80' lang='grc' dir='ltr'><em>ἀπὸ</em></span> <span class='ocrx_word' id='word_1_80' title='bbox 1673 1049 1918 1114; x_wconf 85' lang='grc' dir='ltr'><em>σώματος</em></span> 
     </span>
     <span class='ocr_line' id='line_1_12' title="bbox 223 1133 1916 1205; baseline 0.002 -19"><span class='ocrx_word' id='word_1_81' title='bbox 223 1133 581 1204; x_wconf 83' lang='grc' dir='ltr'><em>ἀπειρηκότος</em></span> <span class='ocrx_word' id='word_1_82' title='bbox 619 1134 707 1188; x_wconf 82' lang='grc' dir='ltr'><em>ἐπὶ</em></span> <span class='ocrx_word' id='word_1_83' title='bbox 754 1137 853 1188; x_wconf 92' lang='grc' dir='ltr'><em>τὸν</em></span> <span class='ocrx_word' id='word_1_84' title='bbox 904 1136 1034 1199; x_wconf 81' lang='grc' dir='ltr'><em>ἴσως</em></span> <span class='ocrx_word' id='word_1_85' title='bbox 1074 1136 1319 1205; x_wconf 79' lang='grc' dir='ltr'><em>ἐνεγκεῖν</em></span> <span class='ocrx_word' id='word_1_86' title='bbox 1359 1138 1762 1205; x_wconf 74' lang='grc' dir='ltr'><em>δυνησόμενον,</em></span> <span class='ocrx_word' id='word_1_87' title='bbox 1811 1137 1916 1204; x_wconf 88' lang='grc' dir='ltr'><em>ε’μέ.</em></span> 
     </span>
     <span class='ocr_line' id='line_1_13' title="bbox 334 1220 1916 1294; baseline 0.003 -20"><span class='ocrx_word' id='word_1_88' title='bbox 334 1223 381 1274; x_wconf 81' lang='lat'><em>3.</em></span> <span class='ocrx_word' id='word_1_89' title='bbox 410 1222 569 1286; x_wconf 84' lang='grc' dir='ltr'><em>Ἴσως</em></span> <span class='ocrx_word' id='word_1_90' title='bbox 607 1225 708 1291; x_wconf 81' lang='grc' dir='ltr'><em>μὲν</em></span> <span class='ocrx_word' id='word_1_91' title='bbox 748 1220 853 1278; x_wconf 85' lang='grc' dir='ltr'><em>οὗν</em></span> <span class='ocrx_word' id='word_1_92' title='bbox 898 1245 1044 1288; x_wconf 87' lang='grc' dir='ltr'><em>τινες</em></span> <span class='ocrx_word' id='word_1_93' title='bbox 1090 1225 1269 1292; x_wconf 72' lang='grc' dir='ltr'><em>ὑμῶν,</em></span> <span class='ocrx_word' id='word_1_94' title='bbox 1319 1227 1391 1288; x_wconf 84' lang='grc' dir='ltr'><em>ὡς</em></span> <span class='ocrx_word' id='word_1_95' title='bbox 1439 1227 1644 1294; x_wconf 78' lang='grc' dir='ltr'><em>ὤφθην</em></span> <span class='ocrx_word' id='word_1_96' title='bbox 1682 1224 1769 1278; x_wconf 80' lang='grc' dir='ltr'><em>ἐπὶ</em></span> <span class='ocrx_word' id='word_1_97' title='bbox 1817 1234 1916 1279; x_wconf 87' lang='grc' dir='ltr'><em>τοῦ</em></span> 
     </span>
     <span class='ocr_line' id='line_1_14' title="bbox 220 1309 1915 1384; baseline 0.002 -19"><span class='ocrx_word' id='word_1_98' title='bbox 220 1313 461 1381; x_wconf 86' lang='grc' dir='ltr'><em>βήματος</em></span> <span class='ocrx_word' id='word_1_99' title='bbox 500 1309 585 1382; x_wconf 82' lang='grc' dir='ltr'><em>ἐφ’</em></span> <span class='ocrx_word' id='word_1_100' title='bbox 634 1309 701 1367; x_wconf 82' lang='grc' dir='ltr'><em>οὗ</em></span> <span class='ocrx_word' id='word_1_101' title='bbox 740 1332 872 1367; x_wconf 88' lang='grc' dir='ltr'><em>ποτε</em></span> <span class='ocrx_word' id='word_1_102' title='bbox 911 1311 1062 1382; x_wconf 78' lang='grc' dir='ltr'><em>ἔλεγε</em></span> <span class='ocrx_word' id='word_1_103' title='bbox 1103 1315 1414 1383; x_wconf 75' lang='grc' dir='ltr'><em>ΝΙιλτιάδης</em></span> <span class='ocrx_word' id='word_1_104' title='bbox 1460 1313 1549 1367; x_wconf 85' lang='grc' dir='ltr'><em>καὶ</em></span> <span class='ocrx_word' id='word_1_105' title='bbox 1590 1313 1915 1384; x_wconf 80' lang='grc' dir='ltr'><em>ἐδημηγόρει</em></span> 
     </span>
     <span class='ocr_line' id='line_1_15' title="bbox 220 1397 1915 1474; baseline 0.002 -21"><span class='ocrx_word' id='word_1_106' title='bbox 220 1399 312 1453; x_wconf 84' lang='grc' dir='ltr'><em>καὶ</em></span> <span class='ocrx_word' id='word_1_107' title='bbox 351 1402 485 1471; x_wconf 79' lang='grc' dir='ltr'><em>μετὰ</em></span> <span class='ocrx_word' id='word_1_108' title='bbox 522 1410 621 1455; x_wconf 87' lang='grc' dir='ltr'><em>τοῦ</em></span> <span class='ocrx_word' id='word_1_109' title='bbox 662 1404 882 1472; x_wconf 84' lang='grc' dir='ltr'><em>πρώτου</em></span> <span class='ocrx_word' id='word_1_110' title='bbox 924 1403 1161 1472; x_wconf 80' lang='grc' dir='ltr'><em>ῥήματος</em></span> <span class='ocrx_word' id='word_1_111' title='bbox 1207 1402 1392 1472; x_wconf 77' lang='grc' dir='ltr'><em>ἀφῆκα</em></span> <span class='ocrx_word' id='word_1_112' title='bbox 1440 1404 1709 1474; x_wconf 78' lang='grc' dir='ltr'><em>δάκρυον,</em></span> <span class='ocrx_word' id='word_1_113' title='bbox 1758 1397 1915 1456; x_wconf 87' lang='grc' dir='ltr'><em>εἷπον</em></span> 
     </span>
     <span class='ocr_line' id='line_1_16' title="bbox 155 1486 1913 1561; baseline 0.001 -18"><span class='ocrx_word' id='word_1_114' title='bbox 155 1488 340 1559; x_wconf 65' lang='grc' dir='ltr'><em>ιὸ[ἂν]</em></span> <span class='ocrx_word' id='word_1_115' title='bbox 379 1491 518 1561; x_wconf 90' lang='grc' dir='ltr'><em>πρὸς</em></span> <span class='ocrx_word' id='word_1_116' title='bbox 556 1490 849 1560; x_wconf 80' lang='grc' dir='ltr'><em>ἀλλήλους·</em></span> <span class='ocrx_word' id='word_1_117' title='bbox 906 1494 1130 1559; x_wconf 86' lang='grc' dir='ltr'><em>Κίμων</em></span> <span class='ocrx_word' id='word_1_118' title='bbox 1187 1486 1374 1556; x_wconf 82' lang='grc' dir='ltr'><em>οὗτος</em></span> <span class='ocrx_word' id='word_1_119' title='bbox 1431 1492 1572 1560; x_wconf 74' lang='grc' dir='ltr'><em>ἥκει</em></span> <span class='ocrx_word' id='word_1_120' title='bbox 1614 1500 1734 1545; x_wconf 87' lang='grc' dir='ltr'><em>νῦν</em></span> <span class='ocrx_word' id='word_1_121' title='bbox 1787 1493 1913 1544; x_wconf 77' lang='grc' dir='ltr'><em>ἰκε-</em></span> 
     </span>
     <span class='ocr_line' id='line_1_17' title="bbox 220 1577 1912 1652; baseline 0.002 -22"><span class='ocrx_word' id='word_1_122' title='bbox 220 1581 424 1640; x_wconf 84' lang='grc' dir='ltr'><em>τειάις</em></span> <span class='ocrx_word' id='word_1_123' title='bbox 463 1598 526 1631; x_wconf 93' lang='grc' dir='ltr'><em>τε</em></span> <span class='ocrx_word' id='word_1_124' title='bbox 566 1577 671 1631; x_wconf 85' lang='grc' dir='ltr'><em>καὶ</em></span> <span class='ocrx_word' id='word_1_125' title='bbox 710 1582 936 1652; x_wconf 77' lang='grc' dir='ltr'><em>θρήνῳ</em></span> <span class='ocrx_word' id='word_1_126' title='bbox 979 1581 1194 1633; x_wconf 89' lang='grc' dir='ltr'><em>λύσων</em></span> <span class='ocrx_word' id='word_1_127' title='bbox 1232 1587 1315 1652; x_wconf 81' lang='grc' dir='ltr'><em>τῷ</em></span> <span class='ocrx_word' id='word_1_128' title='bbox 1353 1582 1546 1650; x_wconf 82' lang='grc' dir='ltr'><em>πατρὶ</em></span> <span class='ocrx_word' id='word_1_129' title='bbox 1594 1582 1709 1649; x_wconf 85' lang='grc' dir='ltr'><em>τὴν</em></span> <span class='ocrx_word' id='word_1_130' title='bbox 1757 1596 1912 1650; x_wconf 91' lang='grc' dir='ltr'><em>συμ-</em></span> 
     </span>
     <span class='ocr_line' id='line_1_18' title="bbox 222 1661 1913 1739; baseline 0.002 -20"><span class='ocrx_word' id='word_1_131' title='bbox 222 1669 458 1735; x_wconf 76' lang='grc' dir='ltr'><em>φοράν,</em></span> <span class='ocrx_word' id='word_1_132' title='bbox 507 1661 649 1720; x_wconf 85' lang='grc' dir='ltr'><em>οἶδε</em></span> <span class='ocrx_word' id='word_1_133' title='bbox 698 1666 765 1721; x_wconf 75' lang='grc' dir='ltr'><em>δὲ</em></span> <span class='ocrx_word' id='word_1_134' title='bbox 805 1667 1192 1738; x_wconf 77' lang='grc' dir='ltr'><em>Ἀθηναίους</em></span> <span class='ocrx_word' id='word_1_135' title='bbox 1239 1668 1595 1738; x_wconf 83' lang='grc' dir='ltr'><em>ἐλεήμονας</em></span> <span class='ocrx_word' id='word_1_136' title='bbox 1642 1670 1716 1722; x_wconf 87' lang='grc' dir='ltr'><em>οὐ</em></span> <span class='ocrx_word' id='word_1_137' title='bbox 1754 1671 1913 1739; x_wconf 90' lang='grc' dir='ltr'><em>πρὸς</em></span> 
     </span>
     <span class='ocr_line' id='line_1_19' title="bbox 219 1751 1912 1826; baseline 0.002 -19"><span class='ocrx_word' id='word_1_138' title='bbox 219 1758 370 1818; x_wconf 87' lang='grc' dir='ltr'><em>τοὺς</em></span> <span class='ocrx_word' id='word_1_139' title='bbox 410 1755 622 1809; x_wconf 82' lang='grc' dir='ltr'><em>αὑτῶν</em></span> <span class='ocrx_word' id='word_1_140' title='bbox 660 1760 933 1821; x_wconf 86' lang='grc' dir='ltr'><em>πολίτας</em></span> <span class='ocrx_word' id='word_1_141' title='bbox 971 1760 1177 1826; x_wconf 92' lang='grc' dir='ltr'><em>μόνον</em></span> <span class='ocrx_word' id='word_1_142' title='bbox 1223 1751 1320 1820; x_wconf 80' lang='grc' dir='ltr'><em>οἷς</em></span> <span class='ocrx_word' id='word_1_143' title='bbox 1370 1759 1563 1825; x_wconf 74' lang='grc' dir='ltr'><em>ι”ερῶν</em></span> <span class='ocrx_word' id='word_1_144' title='bbox 1609 1757 1714 1810; x_wconf 82' lang='grc' dir='ltr'><em>καὶ</em></span> <span class='ocrx_word' id='word_1_145' title='bbox 1758 1763 1912 1811; x_wconf 89' lang='grc' dir='ltr'><em>πολ-</em></span> 
     </span>
     <span class='ocr_line' id='line_1_20' title="bbox 220 1843 1912 1915; baseline 0.002 -19"><span class='ocrx_word' id='word_1_146' title='bbox 220 1847 348 1897; x_wconf 83' lang='grc' dir='ltr'><em>λῶν</em></span> <span class='ocrx_word' id='word_1_147' title='bbox 397 1843 636 1913; x_wconf 83' lang='grc' dir='ltr'><em>ἑτέρων</em></span> <span class='ocrx_word' id='word_1_148' title='bbox 681 1846 981 1914; x_wconf 80' lang='grc' dir='ltr'><em>μεγάλων</em></span> <span class='ocrx_word' id='word_1_149' title='bbox 1035 1866 1099 1899; x_wconf 92' lang='grc' dir='ltr'><em>τε</em></span> <span class='ocrx_word' id='word_1_150' title='bbox 1154 1845 1258 1899; x_wconf 84' lang='grc' dir='ltr'><em>καὶ</em></span> <span class='ocrx_word' id='word_1_151' title='bbox 1316 1856 1567 1915; x_wconf 84' lang='grc' dir='ltr'><em>σεμνῶν</em></span> <span class='ocrx_word' id='word_1_152' title='bbox 1617 1849 1912 1915; x_wconf 82' lang='grc' dir='ltr'><em>κεκοινή-</em></span> 
     </span>
     <span class='ocr_line' id='line_1_21' title="bbox 155 1927 1911 2004; baseline 0.001 -18"><span class='ocrx_word' id='word_1_153' title='bbox 155 1954 197 1986; x_wconf 78' lang='lat'><em>20</em></span> <span class='ocrx_word' id='word_1_154' title='bbox 219 1945 435 1998; x_wconf 81' lang='grc' dir='ltr'><em>κασιν</em></span> <span class='ocrx_word' id='word_1_155' title='bbox 462 1932 621 1986; x_wconf 79' lang='grc' dir='ltr'><em>ἀλλὰ</em></span> <span class='ocrx_word' id='word_1_156' title='bbox 651 1932 757 1986; x_wconf 81' lang='grc' dir='ltr'><em>καὶ</em></span> <span class='ocrx_word' id='word_1_157' title='bbox 789 1936 953 2001; x_wconf 88' lang='grc' dir='ltr'><em>πρὸς</em></span> <span class='ocrx_word' id='word_1_158' title='bbox 986 1934 1212 1998; x_wconf 83' lang='grc' dir='ltr'><em>ξένους</em></span> <span class='ocrx_word' id='word_1_159' title='bbox 1243 1927 1342 1997; x_wconf 84' lang='grc' dir='ltr'><em>οἷς</em></span> <span class='ocrx_word' id='word_1_160' title='bbox 1373 1954 1441 1987; x_wconf 93' lang='grc' dir='ltr'><em>εν</em></span> <span class='ocrx_word' id='word_1_161' title='bbox 1472 1937 1679 2004; x_wconf 92' lang='grc' dir='ltr'><em>μόνον</em></span> <span class='ocrx_word' id='word_1_162' title='bbox 1709 1935 1911 2004; x_wconf 86' lang='grc' dir='ltr'><em>ὑπάρ-</em></span> 
     </span>
     <span class='ocr_line' id='line_1_22' title="bbox 219 2022 1912 2115; baseline 0.002 -42"><span class='ocrx_word' id='word_1_163' title='bbox 219 2041 314 2115; x_wconf 85' lang='grc' dir='ltr'><em>χει</em></span> <span class='ocrx_word' id='word_1_164' title='bbox 370 2022 632 2075; x_wconf 81' lang='grc' dir='ltr'><em>δικαιον</em></span> <span class='ocrx_word' id='word_1_165' title='bbox 685 2024 753 2075; x_wconf 92' lang='grc' dir='ltr'><em>τὸ</em></span> <span class='ocrx_word' id='word_1_166' title='bbox 809 2023 1210 2091; x_wconf 87' lang='grc' dir='ltr'><em>πεπραγέναι</em></span> <span class='ocrx_word' id='word_1_167' title='bbox 1268 2033 1498 2092; x_wconf 80' lang='grc' dir='ltr'><em>κακῶς,</em></span> <span class='ocrx_word' id='word_1_168' title='bbox 1559 2025 1700 2092; x_wconf 83' lang='grc' dir='ltr'><em>ήκει</em></span> <span class='ocrx_word' id='word_1_169' title='bbox 1760 2027 1912 2085; x_wconf 84' lang='grc' dir='ltr'><em>τοὺς</em></span> 
     </span>
    </p>
   </div>
   <div class='ocr_carea' id='block_1_3' title="bbox 219 2137 1787 2277">
    <p class='ocr_par' dir='ltr' id='par_1_4' title="bbox 220 2137 1787 2254">
     <span class='ocr_line' id='line_1_23' title="bbox 341 2137 1787 2196; baseline 0.001 -16"><span class='ocrx_word' id='word_1_170' title='bbox 341 2143 362 2180; x_wconf 95' lang='grc'>1</span> <span class='ocrx_word' id='word_1_171' title='bbox 391 2137 447 2182; x_wconf 85' lang='lat' dir='ltr'><em>cf.</em></span> <span class='ocrx_word' id='word_1_172' title='bbox 474 2138 715 2193; x_wconf 76' lang='lat' dir='ltr'>t.1V451,</span> <span class='ocrx_word' id='word_1_173' title='bbox 733 2139 857 2181; x_wconf 82' lang='lat' dir='ltr'>25R.</span> <span class='ocrx_word' id='word_1_174' title='bbox 892 2139 999 2183; x_wconf 80' lang='lat' dir='ltr'>Her.</span> <span class='ocrx_word' id='word_1_175' title='bbox 1025 2139 1089 2182; x_wconf 91' lang='lat' dir='ltr'><em>VI</em></span> <span class='ocrx_word' id='word_1_176' title='bbox 1116 2144 1199 2182; x_wconf 82' lang='lat'><em>114</em></span> <span class='ocrx_word' id='word_1_177' title='bbox 1250 2142 1255 2196; x_wconf 87' lang='grc' dir='ltr'>Ι</span> <span class='ocrx_word' id='word_1_178' title='bbox 1307 2139 1362 2183; x_wconf 82' lang='lat' dir='ltr'><em>Cf.</em></span> <span class='ocrx_word' id='word_1_179' title='bbox 1397 2139 1521 2183; x_wconf 67' lang='lat' dir='ltr'><strong>adh.</strong></span> <span class='ocrx_word' id='word_1_180' title='bbox 1547 2140 1588 2182; x_wconf 89' lang='grc' dir='ltr'>Π</span> <span class='ocrx_word' id='word_1_181' title='bbox 1615 2144 1716 2194; x_wconf 86' lang='grc'><em>358</em></span> <span class='ocrx_word' id='word_1_182' title='bbox 1737 2144 1787 2183; x_wconf 82' lang='lat'><em>17</em></span> 
     </span>
     <span class='ocr_line' id='line_1_24' title="bbox 219 2173 1020 2277; baseline 0.003 -38.003"><span class='ocrx_word' id='word_1_183' title='bbox 219 2202 272 2277; x_wconf 92' lang='grc'><em>21</em></span> <span class='ocrx_word' id='word_1_184' title='bbox 309 2197 437 2241; x_wconf 80' lang='lat' dir='ltr'>Dem.</span> <span class='ocrx_word' id='word_1_185' title='bbox 471 2211 508 2240; x_wconf 87' lang='lat' dir='ltr'><em>c.</em></span> <span class='ocrx_word' id='word_1_186' title='bbox 541 2173 1020 2254; x_wconf 58' lang='lat' dir='ltr'>Apholss.1p.835‚6</span> 
     </span>
    </p>
   </div>
   <div class='ocr_carea' id='block_1_4' title="bbox 322 2113 453 2117">
    <p class='ocr_par' dir='ltr' id='par_1_5' title="bbox 322 2113 453 2117">
     <span class='ocr_line' id='line_1_25' title="bbox 322 2113 453 2117; baseline 0 0"><span class='ocrx_word' id='word_1_187' title='bbox 322 2113 453 2117; x_wconf 95' lang='lat' dir='ltr'><em> </em></span> 
     </span>
    </p>
   </div>
   <div class='ocr_carea' id='block_1_5' title="bbox 217 2276 1917 3008">
    <p class='ocr_par' dir='ltr' id='par_1_6' title="bbox 217 2276 1917 3008">
     <span class='ocr_line' id='line_1_26' title="bbox 339 2276 1917 2359; baseline 0.001 -16"><span class='ocrx_word' id='word_1_188' title='bbox 339 2276 377 2342; x_wconf 94' lang='grc'><strong>3</strong></span> <span class='ocrx_word' id='word_1_189' title='bbox 396 2276 622 2355; x_wconf 80' lang='grc' dir='ltr'><em>τρόπαιον</em></span> <span class='ocrx_word' id='word_1_190' title='bbox 655 2301 824 2356; x_wconf 86' lang='grc' dir='ltr'><em>στήσας</em></span> <span class='ocrx_word' id='word_1_191' title='bbox 857 2302 914 2345; x_wconf 82' lang='lat' dir='ltr'><em>Vi</em></span> <span class='ocrx_word' id='word_1_192' title='bbox 939 2306 945 2359; x_wconf 76' lang='grc' dir='ltr'>Ι</span> <span class='ocrx_word' id='word_1_193' title='bbox 973 2302 1023 2345; x_wconf 89' lang='grc' dir='ltr'><em>τὸ</em></span> <span class='ocrx_word' id='word_1_194' title='bbox 1055 2302 1229 2345; x_wconf 86' lang='lat' dir='ltr'>inserui</span> <span class='ocrx_word' id='word_1_195' title='bbox 1262 2316 1286 2346; x_wconf 85' lang='lat' dir='ltr'><strong>e</strong></span> <span class='ocrx_word' id='word_1_196' title='bbox 1313 2303 1402 2346; x_wconf 91' lang='lat' dir='ltr'><em>BL</em></span> <span class='ocrx_word' id='word_1_197' title='bbox 1435 2303 1516 2346; x_wconf 84' lang='lat' dir='ltr'><em>sed</em></span> <span class='ocrx_word' id='word_1_198' title='bbox 1548 2303 1597 2345; x_wconf 91' lang='lat' dir='ltr'>in</span> <span class='ocrx_word' id='word_1_199' title='bbox 1629 2303 1716 2346; x_wconf 86' lang='lat' dir='ltr'><em>hoc</em></span> <span class='ocrx_word' id='word_1_200' title='bbox 1741 2315 1857 2357; x_wconf 82' lang='lat' dir='ltr'>eras,</span> <span class='ocrx_word' id='word_1_201' title='bbox 1882 2304 1917 2345; x_wconf 90' lang='lat' dir='ltr'><em>I</em></span> 
     </span>
     <span class='ocr_line' id='line_1_27' title="bbox 219 2359 1909 2418; baseline 0 -14"><span class='ocrx_word' id='word_1_202' title='bbox 219 2360 328 2404; x_wconf 79' lang='lat' dir='ltr'><em>Lau</em></span> <span class='ocrx_word' id='word_1_203' title='bbox 390 2373 465 2403; x_wconf 90' lang='lat' dir='ltr'><em>om</em></span> <span class='ocrx_word' id='word_1_204' title='bbox 500 2361 557 2403; x_wconf 84' lang='lat' dir='ltr'><em>Vi</em></span> <span class='ocrx_word' id='word_1_205' title='bbox 587 2360 678 2403; x_wconf 82' lang='lat' dir='ltr'><em>edd</em></span> <span class='ocrx_word' id='word_1_206' title='bbox 713 2364 718 2415; x_wconf 89' lang='grc' dir='ltr'>Ι</span> <span class='ocrx_word' id='word_1_207' title='bbox 756 2359 975 2418; x_wconf 82' lang='grc' dir='ltr'><em>ἠδυνήθη</em></span> <span class='ocrx_word' id='word_1_208' title='bbox 1002 2362 1046 2404; x_wconf 86' lang='grc' dir='ltr'><strong><em>Β</em></strong></span> <span class='ocrx_word' id='word_1_209' title='bbox 1169 2366 1194 2403; x_wconf 90' lang='lat'>4</span> <span class='ocrx_word' id='word_1_210' title='bbox 1228 2361 1407 2406; x_wconf 84' lang='grc' dir='ltr'><em>ἐπενόει</em></span> <span class='ocrx_word' id='word_1_211' title='bbox 1431 2362 1475 2405; x_wconf 93' lang='lat' dir='ltr'><em>L</em></span> <span class='ocrx_word' id='word_1_212' title='bbox 1508 2362 1589 2404; x_wconf 84' lang='lat' dir='ltr'><em>sed</em></span> <span class='ocrx_word' id='word_1_213' title='bbox 1622 2378 1661 2405; x_wconf 82' lang='grc' dir='ltr'><em>ει</em></span> <span class='ocrx_word' id='word_1_214' title='bbox 1694 2374 1909 2416; x_wconf 81' lang='lat' dir='ltr'><strong>suprascr</strong></span> 
     </span>
     <span class='ocr_line' id='line_1_28' title="bbox 217 2418 1906 2476; baseline 0.002 -16"><span class='ocrx_word' id='word_1_215' title='bbox 217 2418 287 2460; x_wconf 82' lang='lat' dir='ltr'><em>m²</em></span> <span class='ocrx_word' id='word_1_216' title='bbox 318 2418 374 2462; x_wconf 86' lang='lat' dir='ltr'><em>ef.</em></span> <span class='ocrx_word' id='word_1_217' title='bbox 408 2418 553 2462; x_wconf 81' lang='lat' dir='ltr'><strong>libell.</strong></span> <span class='ocrx_word' id='word_1_218' title='bbox 588 2419 645 2463; x_wconf 82' lang='lat' dir='ltr'><em>de</em></span> <span class='ocrx_word' id='word_1_219' title='bbox 677 2421 845 2462; x_wconf 71' lang='lat' dir='ltr'>constr.</span> <span class='ocrx_word' id='word_1_220' title='bbox 870 2420 991 2463; x_wconf 84' lang='lat' dir='ltr'>verb.</span> <span class='ocrx_word' id='word_1_221' title='bbox 1026 2420 1125 2463; x_wconf 82' lang='lat' dir='ltr'>cod.</span> <span class='ocrx_word' id='word_1_222' title='bbox 1160 2421 1356 2476; x_wconf 75' lang='lat' dir='ltr'>August.</span> <span class='ocrx_word' id='word_1_223' title='bbox 1391 2421 1461 2464; x_wconf 81' lang='lat' dir='ltr'><em>ed.</em></span> <span class='ocrx_word' id='word_1_224' title='bbox 1497 2420 1548 2464; x_wconf 81' lang='lat' dir='ltr'><em>G.</em></span> <span class='ocrx_word' id='word_1_225' title='bbox 1582 2419 1816 2464; x_wconf 80' lang='lat' dir='ltr'>Hermann</span> <span class='ocrx_word' id='word_1_226' title='bbox 1850 2420 1906 2463; x_wconf 84' lang='lat' dir='ltr'><em>de</em></span> 
     </span>
     <span class='ocr_line' id='line_1_29' title="bbox 219 2477 1906 2536; baseline 0.001 -16"><span class='ocrx_word' id='word_1_227' title='bbox 219 2477 398 2521; x_wconf 85' lang='lat' dir='ltr'>emend.</span> <span class='ocrx_word' id='word_1_228' title='bbox 431 2479 517 2521; x_wconf 75' lang='lat' dir='ltr'><em>rat.</em></span> <span class='ocrx_word' id='word_1_229' title='bbox 551 2492 743 2535; x_wconf 82' lang='lat' dir='ltr'><strong>gramm.</strong></span> <span class='ocrx_word' id='word_1_230' title='bbox 768 2491 918 2534; x_wconf 80' lang='lat' dir='ltr'>graec.</span> <span class='ocrx_word' id='word_1_231' title='bbox 945 2494 990 2536; x_wconf 90' lang='lat' dir='ltr'><em>p.</em></span> <span class='ocrx_word' id='word_1_232' title='bbox 1017 2484 1116 2531; x_wconf 85' lang='grc'><em>384</em></span> <span class='ocrx_word' id='word_1_233' title='bbox 1136 2484 1191 2522; x_wconf 89' lang='grc'><em>20</em></span> <span class='ocrx_word' id='word_1_234' title='bbox 1225 2481 1431 2524; x_wconf 79' lang='grc' dir='ltr'><em>ἐπινοῶ</em></span> <span class='ocrx_word' id='word_1_235' title='bbox 1464 2479 1710 2536; x_wconf 85' lang='grc' dir='ltr'><em>αἰτιατικῇ</em></span> <span class='ocrx_word' id='word_1_236' title='bbox 1736 2480 1797 2529; x_wconf 85' lang='grc' dir='ltr'><em>ὡς</em></span> <span class='ocrx_word' id='word_1_237' title='bbox 1827 2479 1906 2523; x_wconf 76' lang='grc' dir='ltr'><em>καὶ</em></span> 
     </span>
     <span class='ocr_line' id='line_1_30' title="bbox 221 2536 1906 2595; baseline 0.001 -16"><span class='ocrx_word' id='word_1_238' title='bbox 221 2536 441 2594; x_wconf 83' lang='grc' dir='ltr'><em>Λιβάνιος</em></span> <span class='ocrx_word' id='word_1_239' title='bbox 490 2539 495 2592; x_wconf 88' lang='grc' dir='ltr'>Ι</span> <span class='ocrx_word' id='word_1_240' title='bbox 545 2543 661 2595; x_wconf 87' lang='grc' dir='ltr'><em>χρῆν</em></span> <span class='ocrx_word' id='word_1_241' title='bbox 695 2538 752 2581; x_wconf 83' lang='lat' dir='ltr'><em>Vi</em></span> <span class='ocrx_word' id='word_1_242' title='bbox 873 2544 898 2581; x_wconf 82' lang='lat'>5</span> <span class='ocrx_word' id='word_1_243' title='bbox 932 2546 1046 2594; x_wconf 81' lang='grc' dir='ltr'><em>γοῦν</em></span> <span class='ocrx_word' id='word_1_244' title='bbox 1078 2552 1153 2582; x_wconf 90' lang='lat' dir='ltr'><em>om</em></span> <span class='ocrx_word' id='word_1_245' title='bbox 1177 2540 1258 2583; x_wconf 86' lang='lat' dir='ltr'><em>LI</em></span> <span class='ocrx_word' id='word_1_246' title='bbox 1282 2539 1383 2582; x_wconf 90' lang='lat' dir='ltr'><em>Mor</em></span> <span class='ocrx_word' id='word_1_247' title='bbox 1506 2543 1528 2581; x_wconf 81' lang='lat'><strong>7</strong></span> <span class='ocrx_word' id='word_1_248' title='bbox 1563 2539 1711 2591; x_wconf 79' lang='grc' dir='ltr'><em>δεῖξαι</em></span> <span class='ocrx_word' id='word_1_249' title='bbox 1743 2538 1906 2594; x_wconf 82' lang='lat' dir='ltr'>scripsi</span> 
     </span>
     <span class='ocr_line' id='line_1_31' title="bbox 218 2595 1906 2672; baseline 0.001 -34"><span class='ocrx_word' id='word_1_250' title='bbox 218 2608 242 2638; x_wconf 80' lang='lat' dir='ltr'>e</span> <span class='ocrx_word' id='word_1_251' title='bbox 263 2595 458 2640; x_wconf 74' lang='lat' dir='ltr'><strong><em>ViILau</em></strong></span> <span class='ocrx_word' id='word_1_252' title='bbox 490 2598 536 2639; x_wconf 70' lang='lat' dir='ltr'><em>et.</em></span> <span class='ocrx_word' id='word_1_253' title='bbox 567 2613 621 2653; x_wconf 82' lang='grc' dir='ltr'><em>γρ</em></span> <span class='ocrx_word' id='word_1_254' title='bbox 654 2596 702 2638; x_wconf 89' lang='lat' dir='ltr'>in</span> <span class='ocrx_word' id='word_1_255' title='bbox 735 2611 909 2672; x_wconf 70' lang='lat' dir='ltr'>margi</span> <span class='ocrx_word' id='word_1_256' title='bbox 892 2598 993 2642; x_wconf 89' lang='lat' dir='ltr'><em>Mor</em></span> <span class='ocrx_word' id='word_1_257' title='bbox 1052 2596 1232 2641; x_wconf 85' lang='grc' dir='ltr'><em>θέσθαι</em></span> <span class='ocrx_word' id='word_1_258' title='bbox 1266 2598 1357 2642; x_wconf 89' lang='lat' dir='ltr'><em>BL</em></span> <span class='ocrx_word' id='word_1_259' title='bbox 1389 2597 1507 2640; x_wconf 86' lang='lat' dir='ltr'><em>sed</em></span> <span class='ocrx_word' id='word_1_260' title='bbox 1493 2612 1543 2640; x_wconf 88' lang='grc' dir='ltr'><em>ιιι</em></span> <span class='ocrx_word' id='word_1_261' title='bbox 1567 2597 1654 2641; x_wconf 80' lang='lat' dir='ltr'><em>hoc</em></span> <span class='ocrx_word' id='word_1_262' title='bbox 1678 2614 1731 2654; x_wconf 83' lang='grc' dir='ltr'><em>γρ</em></span> <span class='ocrx_word' id='word_1_263' title='bbox 1758 2597 1906 2650; x_wconf 81' lang='grc' dir='ltr'><em>δεῖξαι</em></span> 
     </span>
     <span class='ocr_line' id='line_1_32' title="bbox 219 2652 1904 2727; baseline 0.001 -30"><span class='ocrx_word' id='word_1_264' title='bbox 219 2654 267 2697; x_wconf 85' lang='lat' dir='ltr'>in</span> <span class='ocrx_word' id='word_1_265' title='bbox 299 2668 475 2727; x_wconf 80' lang='lat' dir='ltr'>marg,</span> <span class='ocrx_word' id='word_1_266' title='bbox 478 2655 569 2698; x_wconf 81' lang='lat' dir='ltr'><em>edd</em></span> <span class='ocrx_word' id='word_1_267' title='bbox 691 2660 715 2698; x_wconf 90' lang='grc'><strong>9</strong></span> <span class='ocrx_word' id='word_1_268' title='bbox 759 2652 792 2698; x_wconf 88' lang='grc' dir='ltr'><em>ὦ</em></span> <span class='ocrx_word' id='word_1_269' title='bbox 833 2655 1001 2711; x_wconf 82' lang='grc' dir='ltr'><em>άνὸρες</em></span> <span class='ocrx_word' id='word_1_270' title='bbox 1032 2653 1066 2699; x_wconf 88' lang='grc' dir='ltr'>ὦ</span> <span class='ocrx_word' id='word_1_271' title='bbox 1100 2657 1159 2700; x_wconf 81' lang='lat' dir='ltr'><em>Vi</em></span> <span class='ocrx_word' id='word_1_272' title='bbox 1280 2662 1330 2699; x_wconf 88' lang='lat'><em>11</em></span> <span class='ocrx_word' id='word_1_273' title='bbox 1367 2656 1445 2713; x_wconf 82' lang='grc' dir='ltr'><em>ἐμέ</em></span> <span class='ocrx_word' id='word_1_274' title='bbox 1475 2670 1550 2699; x_wconf 89' lang='lat' dir='ltr'><em>om</em></span> <span class='ocrx_word' id='word_1_275' title='bbox 1585 2657 1640 2700; x_wconf 80' lang='lat' dir='ltr'><em>Vi</em></span> <span class='ocrx_word' id='word_1_276' title='bbox 1762 2661 1814 2699; x_wconf 84' lang='lat'><em>13</em></span> <span class='ocrx_word' id='word_1_277' title='bbox 1849 2653 1904 2700; x_wconf 82' lang='grc' dir='ltr'><em>οὗ</em></span> 
     </span>
     <span class='ocr_line' id='line_1_33' title="bbox 219 2707 1905 2773; baseline 0.002 -18"><span class='ocrx_word' id='word_1_278' title='bbox 219 2713 383 2769; x_wconf 82' lang='lat' dir='ltr'>scripsi</span> <span class='ocrx_word' id='word_1_279' title='bbox 445 2707 480 2771; x_wconf 84' lang='grc' dir='ltr'><em>ᾧ</em></span> <span class='ocrx_word' id='word_1_280' title='bbox 511 2713 621 2756; x_wconf 92' lang='lat' dir='ltr'>libri</span> <span class='ocrx_word' id='word_1_281' title='bbox 654 2714 743 2757; x_wconf 84' lang='lat' dir='ltr'><em>edd</em></span> <span class='ocrx_word' id='word_1_282' title='bbox 787 2717 792 2770; x_wconf 82' lang='grc' dir='ltr'>Ι</span> <span class='ocrx_word' id='word_1_283' title='bbox 836 2715 956 2771; x_wconf 78' lang='grc' dir='ltr'><em>ἔλεγε</em></span> <span class='ocrx_word' id='word_1_284' title='bbox 990 2729 1065 2759; x_wconf 91' lang='lat' dir='ltr'><em>om</em></span> <span class='ocrx_word' id='word_1_285' title='bbox 1091 2716 1134 2758; x_wconf 92' lang='lat' dir='ltr'><em>B</em></span> <span class='ocrx_word' id='word_1_286' title='bbox 1259 2721 1312 2758; x_wconf 94' lang='lat'><em>14</em></span> <span class='ocrx_word' id='word_1_287' title='bbox 1345 2715 1547 2773; x_wconf 86' lang='grc' dir='ltr'><em>βήματος</em></span> <span class='ocrx_word' id='word_1_288' title='bbox 1579 2715 1636 2759; x_wconf 79' lang='lat' dir='ltr'><em>Vi</em></span> <span class='ocrx_word' id='word_1_289' title='bbox 1759 2720 1811 2758; x_wconf 85' lang='lat'><em>15</em></span> <span class='ocrx_word' id='word_1_290' title='bbox 1845 2732 1905 2758; x_wconf 88' lang='grc' dir='ltr'><em>αν</em></span> 
     </span>
     <span class='ocr_line' id='line_1_34' title="bbox 219 2759 1846 2830; baseline 0.002 -15"><span class='ocrx_word' id='word_1_291' title='bbox 219 2759 471 2816; x_wconf 81' lang='lat' dir='ltr'>cancellavi</span> <span class='ocrx_word' id='word_1_292' title='bbox 544 2770 603 2816; x_wconf 80' lang='grc' dir='ltr'><em>αὖ</em></span> <span class='ocrx_word' id='word_1_293' title='bbox 639 2775 696 2817; x_wconf 77' lang='lat' dir='ltr'><em>Vi</em></span> <span class='ocrx_word' id='word_1_294' title='bbox 838 2779 890 2817; x_wconf 80' lang='lat'><em>17</em></span> <span class='ocrx_word' id='word_1_295' title='bbox 934 2770 1031 2819; x_wconf 78' lang='grc' dir='ltr'><em>οἶδε</em></span> <span class='ocrx_word' id='word_1_296' title='bbox 1062 2774 1250 2830; x_wconf 85' lang='lat' dir='ltr'>reposui</span> <span class='ocrx_word' id='word_1_297' title='bbox 1282 2788 1306 2817; x_wconf 77' lang='grc' dir='ltr'><em>ο</em></span> <span class='ocrx_word' id='word_1_298' title='bbox 1338 2774 1470 2817; x_wconf 88' lang='lat' dir='ltr'>libris</span> <span class='ocrx_word' id='word_1_299' title='bbox 1503 2774 1584 2818; x_wconf 86' lang='lat' dir='ltr'><em>sed</em></span> <span class='ocrx_word' id='word_1_300' title='bbox 1619 2770 1745 2818; x_wconf 80' lang='grc' dir='ltr'><em>οἶδεν</em></span> <span class='ocrx_word' id='word_1_301' title='bbox 1770 2775 1846 2818; x_wconf 87' lang='lat' dir='ltr'><em>La</em></span> 
     </span>
     <span class='ocr_line' id='line_1_35' title="bbox 219 2827 1904 2901; baseline 0.001 -27"><span class='ocrx_word' id='word_1_302' title='bbox 219 2827 311 2874; x_wconf 83' lang='grc' dir='ltr'><em>εἶδε</em></span> <span class='ocrx_word' id='word_1_303' title='bbox 344 2831 434 2875; x_wconf 87' lang='lat' dir='ltr'><em>edd</em></span> <span class='ocrx_word' id='word_1_304' title='bbox 467 2831 547 2875; x_wconf 80' lang='lat' dir='ltr'><em>sed</em></span> <span class='ocrx_word' id='word_1_305' title='bbox 573 2833 755 2886; x_wconf 79' lang='lat' dir='ltr'>„malim</span> <span class='ocrx_word' id='word_1_306' title='bbox 787 2829 885 2876; x_wconf 82' lang='grc' dir='ltr'><em>οἶδε</em></span> <span class='ocrx_word' id='word_1_307' title='bbox 918 2833 1005 2901; x_wconf 72' lang='grc' dir='ltr'><em>γάρ</em></span> <span class='ocrx_word' id='word_1_308' title='bbox 1031 2833 1097 2876; x_wconf 85' lang='lat' dir='ltr'><em>Re</em></span> <span class='ocrx_word' id='word_1_309' title='bbox 1160 2829 1287 2877; x_wconf 79' lang='grc' dir='ltr'><em>οἶδεν</em></span> <span class='ocrx_word' id='word_1_310' title='bbox 1318 2831 1589 2889; x_wconf 83' lang='grc' dir='ltr'><em>Αθηναίους</em></span> <span class='ocrx_word' id='word_1_311' title='bbox 1619 2833 1779 2877; x_wconf 86' lang='lat' dir='ltr'>Iacobs</span> <span class='ocrx_word' id='word_1_312' title='bbox 1805 2833 1904 2876; x_wconf 71' lang='lat' dir='ltr'><em>Aah</em></span> 
     </span>
     <span class='ocr_line' id='line_1_36' title="bbox 217 2889 1903 2948; baseline 0.001 -16"><span class='ocrx_word' id='word_1_313' title='bbox 217 2889 254 2931; x_wconf 88' lang='lat' dir='ltr'>T</span> <span class='ocrx_word' id='word_1_314' title='bbox 287 2893 372 2933; x_wconf 86' lang='lat'><em>814</em></span> <span class='ocrx_word' id='word_1_315' title='bbox 497 2895 549 2933; x_wconf 87' lang='lat'><em>18</em></span> <span class='ocrx_word' id='word_1_316' title='bbox 583 2891 736 2935; x_wconf 79' lang='grc' dir='ltr'><em>αὐτῶν</em></span> <span class='ocrx_word' id='word_1_317' title='bbox 768 2892 932 2948; x_wconf 84' lang='lat' dir='ltr'>scripsi</span> <span class='ocrx_word' id='word_1_318' title='bbox 995 2892 1148 2936; x_wconf 80' lang='grc' dir='ltr'><em>αὐτῶν</em></span> <span class='ocrx_word' id='word_1_319' title='bbox 1172 2891 1281 2935; x_wconf 88' lang='lat' dir='ltr'>libri</span> <span class='ocrx_word' id='word_1_320' title='bbox 1313 2892 1403 2936; x_wconf 83' lang='lat' dir='ltr'><em>edd</em></span> <span class='ocrx_word' id='word_1_321' title='bbox 1525 2897 1580 2934; x_wconf 89' lang='grc'><em>20</em></span> <span class='ocrx_word' id='word_1_322' title='bbox 1612 2893 1727 2946; x_wconf 82' lang='grc' dir='ltr'><em>πρὸς</em></span> <span class='ocrx_word' id='word_1_323' title='bbox 1747 2893 1789 2934; x_wconf 90' lang='lat' dir='ltr'><em>L</em></span> <span class='ocrx_word' id='word_1_324' title='bbox 1823 2891 1903 2935; x_wconf 84' lang='lat' dir='ltr'><em>sed</em></span> 
     </span>
     <span class='ocr_line' id='line_1_37' title="bbox 219 2949 1370 3008; baseline 0.003 -17"><span class='ocrx_word' id='word_1_325' title='bbox 219 2949 269 2998; x_wconf 87' lang='grc' dir='ltr'><em>ὸς</em></span> <span class='ocrx_word' id='word_1_326' title='bbox 299 2949 345 2991; x_wconf 89' lang='lat' dir='ltr'>in</span> <span class='ocrx_word' id='word_1_327' title='bbox 378 2962 452 2993; x_wconf 81' lang='lat' dir='ltr'><em>ras</em></span> <span class='ocrx_word' id='word_1_328' title='bbox 575 2955 627 2992; x_wconf 88' lang='grc'><em>21</em></span> <span class='ocrx_word' id='word_1_329' title='bbox 663 2949 949 3007; x_wconf 84' lang='grc' dir='ltr'><em>πεπραχέναι</em></span> <span class='ocrx_word' id='word_1_330' title='bbox 977 2952 1033 2995; x_wconf 84' lang='lat' dir='ltr'><em>Vi</em></span> <span class='ocrx_word' id='word_1_331' title='bbox 1059 2952 1064 3008; x_wconf 91' lang='grc' dir='ltr'>Ι</span> <span class='ocrx_word' id='word_1_332' title='bbox 1093 2954 1241 3000; x_wconf 82' lang='grc' dir='ltr'><em>καλῶς</em></span> <span class='ocrx_word' id='word_1_333' title='bbox 1266 2951 1370 2994; x_wconf 83' lang='lat' dir='ltr'><em>ViB</em></span> 
     </span>
    </p>
   </div>
  </div>
 </body>
</html>
