2026 3192
658 152 905 197 ORESTIS
936 153 1234 198 DEFENSIO
1676 152 1782 205 369

204 292 516 342 Declamatio
530 296 742 357 primmn
760 295 811 341 in
830 294 989 342 lucem
1007 296 1260 356 protracta
1278 297 1353 342 est
1366 311 1395 342 a
1408 293 1522 342 Fed.
1534 293 1784 342 Morello

92 366 197 415 Lib.
231 382 344 430 opp.
375 370 411 416 t.
444 367 469 415 Ι
499 384 545 430 p.
574 370 887 428 281—2993
921 385 947 417 e
980 385 1077 431 quo
1110 368 1288 429 codice,
1319 368 1424 431 ipse
1457 384 1557 416 non
1588 367 1783 430 profite-

92 444 188 502 tur,
212 441 298 490 sed
322 458 448 504 eum,
464 445 522 490 ut
538 443 589 490 in
607 443 965 491 declamatione
985 444 1161 505 quinta
1174 436 1231 510 ¹),
1247 442 1532 491 Parisinum
1549 459 1620 506 gr.
1641 444 1783 491 2988

91 515 242 564 fuisse
275 517 477 565 conicio.
542 515 683 565 Certe
714 517 758 566 is
789 518 887 565 fuit
919 533 1030 566 cum
1062 517 1226 566 codice
1269 518 1330 566 Vi
1362 510 1672 583 cognatus²),
1700 517 1786 565 sed

93 591 242 638 etiam
274 592 434 654 magis
466 591 603 640 vitiis
636 591 870 641 scatebat.
935 590 1158 648 Quorum
1189 607 1372 655 magna
1402 607 1519 654 pars
1551 607 1661 639 cum
1694 608 1784 654 ope

92 664 316 712 codicum
347 664 580 714 Bavarici
610 667 641 714 i.
674 682 711 714 e.
747 666 1054 715 Monacensis
1087 683 1158 730 gr.
1187 669 1272 727 96,
1304 668 1391 728 qui
1420 668 1641 728 proxime
1675 681 1704 713 a
1746 666 1792 714 V

91 741 214 800 stat,
254 741 303 787 et
331 739 776 788 Wolfenbuttelani
807 743 916 788 tum
948 740 1216 789 divinando
1250 757 1280 789 a
1310 740 1557 789 Reiskio
1589 740 1786 788 sublata

90 816 185 875 est,
241 813 325 862 sed
380 830 503 863 uxor
550 831 676 876 quae
731 815 997 863 editionem
1051 815 1170 863 fecit
1215 817 1250 863 t.
1283 814 1357 862 IV
1394 831 1442 877 p.
1480 816 1662 863 110-
1680 815 1782 863 133

90 890 284 950 partem
329 891 527 936 tantum
573 889 974 938 emendationum
1020 889 1073 937 in
1120 892 1258 938 textu
1302 905 1539 951 reponere
1592 889 1784 938 maluit.

91 961 347 1011 Nonnulla
378 967 694 1012 correxerunt
716 964 795 1011 Fr.
819 964 1155 1026 Iacobsins,
1189 965 1273 1026 qui
1299 967 1348 1012 et
1373 963 1480 1026 ipse
1505 963 1671 1012 codice
1694 964 1784 1011 illo

90 1036 377 1085 Monacensi
394 1053 513 1086 usus
538 1040 627 1100 est,
645 1054 755 1087 cum
779 1037 900 1087 alibi
922 1041 1030 1086 tum
1052 1038 1103 1085 in
1122 1037 1438 1087 Lectionibus
1457 1032 1551 1105 (=
1570 1031 1714 1104 Lect)
1727 1031 1784 1103 ³),

90 1110 545 1174 Boissonadius,
571 1115 656 1176 qui
679 1113 879 1160 initium
905 1113 1085 1161 codicis
1110 1112 1324 1160 Parisini
1344 1114 1484 1161 3017
1513 1106 1783 1176 contulit,⁴=)

91 1179 435 1253 Sintenis5),
471 1186 751 1250 Cobetus3
782 1203 944 1250 pauca
973 1189 1192 1236 tentavit
1213 1188 1372 1236 Maur.
1399 1186 1783 1236 Schmidtius.

89 1342 265 1387 bricio·
275 1342 442 1387 Harles
474 1343 595 1388 Bibl.
628 1359 696 1402 gr.
721 1346 754 1388 t.
780 1344 822 1387 V
854 1360 898 1419 p.
926 1349 1010 1388 796
1042 1345 1169 1389 facto
1210 1344 1295 1388 sub
1334 1358 1527 1389 numero
1569 1348 1623 1388 15
1662 1343 1785 1387 indi-

91 1405 223 1446 catus
249 1404 320 1446 est
342 1401 937 1461 νο1111ειεΧρηστομαθείαι
959 1418 1016 1449 ex
1038 1406 1183 1449 variis
1206 1405 1479 1449 auctoribus.
1517 1403 1623 1449 God.
1643 1404 1782 1448 bomb

87 1476 122 1506 ε.
151 1462 290 1507 XIV.
338 1463 513 1507 Auctor
542 1463 591 1506 in
617 1462 847 1521 eligendis
872 1463 1116 1508 sententiis
1142 1463 1360 1508 similiter
1384 1466 1526 1520 atque
1550 1463 1784 1508 Planudes

88 1534 182 1564 non
214 1520 364 1566 solum
397 1523 735 1567 sententiarum
767 1523 849 1566 sed
876 1523 1022 1567 etiam
1047 1523 1324 1568 elocutionis
1347 1523 1578 1567 rationem
1602 1522 1781 1566 habuit.

89 1579 324 1637 Excerpta
358 1595 383 1626 e
421 1581 619 1626 Libanio
657 1582 886 1640 inscripta
924 1583 974 1627 ἐκ
1011 1590 1094 1627 τοῦ
1133 1581 1347 1640 λιβανίου
1385 1582 1541 1626 medio
1580 1582 1630 1625 in
1668 1581 1783 1626 folio

90 1644 173 1684 271
199 1640 433 1697 incipiunt
465 1642 523 1686 ab
556 1642 783 1699 epistulis,
817 1655 841 1685 e
874 1642 1044 1699 quibus
1076 1643 1326 1686 maximam
1356 1645 1542 1699 partem
1573 1640 1784 1686 delibata

91 1702 200 1743 sunt
231 1700 442 1744 ordinem
475 1701 648 1745 codicis
682 1701 900 1746 Vaticani
933 1706 989 1746 83
1020 1703 1246 1758 tenentia,
1274 1704 1322 1746 et
1351 1701 1578 1758 inscripta
1610 1701 1661 1746 ἐκ
1691 1708 1783 1745 τῶν

89 1762 287 1816 μελετῶν
332 1760 383 1803 111
422 1760 537 1804 folio
578 1765 688 1805 284
726 1761 895 1805 finiunt
935 1761 1378 1816 declamationibus,
1419 1775 1538 1817 quae
1576 1775 1689 1814 non,
1729 1763 1784 1804 ut

90 1817 292 1875 Cyrillus
317 1822 366 1876 (t.
393 1819 436 1863 ΙΙ
459 1835 490 1877 p
530 1821 574 1877 6)
600 1820 730 1873 dicit,
762 1820 875 1864 folio
908 1825 1009 1876 314,
1041 1822 1123 1865 sed
1153 1822 1249 1865 iam
1280 1821 1394 1866 folio
1420 1825 1526 1864 285
1549 1820 1782 1864 desinunt.

87 1878 326 1952 Incipiunt
357 1894 385 1922 a
417 1879 754 1924 declamatione
788 1878 976 1925 ὃιέσωσέ
1004 1897 1075 1931 τις
1106 1881 1185 1939 (IV
1213 1885 1385 1936 756,13
1403 1880 1460 1937 R)
1485 1882 1533 1924 et
1564 1879 1784 1924 desinunt

89 1935 208 1996 λόγῳ
254 1938 373 1982 κατὰ
404 1946 577 2007 μοιχῶν
601 1939 682 1996 (lV
706 1944 806 1993 575,
829 1944 880 1984 13
899 1939 969 1995 R).
1033 1940 1343 1997 Excipiuntur
1371 1940 1422 1984 in
1444 1939 1560 1984 folio
1585 1943 1691 1984 285
1713 1939 1782 1982 in-

90 1997 342 2054 scriptione
373 1998 517 2054 privis
550 1999 780 2055 excerptis
812 2012 836 2043 e
868 1999 1155 2045 Pausania
1194 2014 1315 2057 quae
1351 2012 1498 2055 aeque
1530 2002 1673 2055 atque
1705 2012 1783 2042 ex-

0 2086 3 2106 :
89 2060 248 2114 cerpta
288 2071 312 2102 e
352 2056 500 2102 Dione
548 2057 706 2103 Cassio
754 2057 978 2114 Cyrillum
1023 2059 1258 2117 fugerunt.
1329 2059 1667 2116 Apographum
1706 2071 1782 2102 ex-

0 2159 1 2164 ,
88 2119 352 2174 cerptorum
390 2117 755 2162 Libanianorum
796 2117 943 2162 debeo
983 2118 1246 2164 Reinholdo
1280 2119 1531 2172 Schoener,
1575 2117 1782 2162 Thomae

0 2176 5 2236 k,
89 2175 267 2234 Stangl,
302 2175 466 2221 Garolo
499 2177 556 2220 de
580 2177 713 2222 Βοο1.

0 2237 4 2250 “
209 2238 252 2291 1)
285 2234 351 2280 Cf.
385 2249 525 2292 supra
555 2252 599 2293 p.
627 2240 726 2281 302.

207 2297 252 2351 2)
284 2294 350 2338 Cf.
382 2310 428 2352 p.
455 2299 555 2350 380,
574 2300 622 2348 4;
656 2299 756 2351 395,
777 2301 830 2340 10
863 2299 910 2341 et
939 2301 1007 2341 12.

206 2357 250 2411 3)
283 2353 348 2398 Cf.
383 2357 418 2398 t.
442 2354 523 2411 Ip
528 2359 617 2399 ,77
652 2358 700 2399 et
730 2370 872 2412 supra
902 2371 946 2413 p.
973 2360 1072 2400 302.

206 2416 251 2470 4)
284 2412 350 2458 Cf.
383 2416 417 2458 t
440 2413 524 2471 Ip

206 2475 251 2529 5)
284 2472 351 2518 Cf.
381 2476 414 2517 t.
439 2474 461 2516 1
486 2419 589 2519 78.

176 3054 371 3087 Lamus
396 3055 453 3088 ed.
478 3056 716 3088 Fosi-ster.
751 3057 795 3088 V.
1361 3054 1416 3092 24
