2026 3192
0 990 32 3192 fflwffl
0 808 9 981 ''W‘-
0 740 7 798 ·”’··“
0 638 8 732 “W
0 317 9 626 ---.-..-2---—-..-.

103 2426 112 2427 η

560 137 996 183 THEMISTOCLIS
1029 138 1363 183 ANTILOGIA
1698 143 1807 194 485

227 275 272 325 2.
319 269 497 336 Οὗτος
534 274 637 341 μὲν
676 270 780 326 οὖν
819 275 920 342 τὴν
958 273 1093 342 ἐμὴν
1141 274 1307 338 δόξαν
1346 274 1627 345 ἐλάττωμα
1670 279 1808 344 πρὸς

113 364 218 415 τὸν.
257 362 443 429 ἀγῶνα
487 364 778 431 νενόμικεν
825 361 1017 434 ἑαυτῷ,
1071 362 1179 431 ἐγὼ
1220 360 1282 416 δὲ
1335 366 1395 417 τὸ
1450 373 1550 418 τοῦ
1602 367 1808 434 πατρὸς

114 453 287 518 ὄνομα
324 449 415 503 καὶ
454 452 515 504 τὸ
555 451 792 521 πατέρας
828 451 971 520 ὑμᾶς
1009 448 1152 504 εἶναι
1191 454 1322 514 τοὺς
1361 453 1675 518 δικάζοντας
1720 454 1806 507 δέ-

113 541 283 593 δοικα.
347 537 462 592 ἔστι
518 542 621 610 γὰρ
677 542 852 609 φόβος
906 540 974 592 οὐ
1026 542 1219 609 μικρὸς
1275 541 1347 608 μὴ
1402 551 1518 604 τοῖς
1572 544 1806 606 δικαίοις

111 629 298 691 αὐτοῖς
335 630 544 694 περιὼν
583 627 673 682 καὶ
713 630 989 682 δεικνύειν
1029 631 1168 698 ἔχων
1208 630 1281 705 ὡς
1322 631 1543 693 εἰκότως
1574 630 1644 683 ἂν
1676 633 1803 684 διω-
1852 655 1870 686 5

110 722 320 786 θοίμην
359 716 446 787 ἐφ’
494 719 628 787 ἅπερ
670 715 832 780 οὗτος
869 722 1025 771 καλεῖ
1064 717 1205 782 δόξω
1245 719 1448 788 τραχύς
1490 717 1496 789 Ι
1546 739 1628 782 τις
1672 725 1793 770 RIV
1807 730 1891 770 389

111 803 253 860 εἶναι
293 805 383 860 καὶ
423 808 656 876 χαλεπὸς
694 816 813 869 ταῖς
848 809 1242 876 προσηγορίαις
1280 807 1439 876 ὑμῶν
1477 811 1538 861 τὸ
1581 818 1805 878 πρᾶγμα

109 899 430 962 κρινόντων.
472 898 557 950 δεῖ
596 896 674 963 δέ,
715 892 891 965 οἶμαι,
938 898 1068 960 τούς
1107 916 1169 965 γε
1206 896 1584 964 βουλομένους
1622 897 1805 966 ὀρθὴν

107 985 316 1039 θέσθαι
356 987 456 1054 τὴν
493 994 686 1056 ψῆφον
715 982 902 1039 ’πάντα
941 986 1237 1048 ἀνελόντας
1277 985 1336 1039 ἐκ
1367 986 1538 1055 μέσου
1569 987 1707 1056 πρὸς
1742 988 1804 1039 ἓν

108 1074 285 1128 ἐκεῖνο
339 1074 587 1143 βλέπειν,
648 1077 876 1144 πότερος
930 1075 1243 1144 δικαιότερα
1305 1074 1475 1143 λέγει,
1536 1074 1641 1128 κᾶν
1700 1076 1803 1143 μὲν
1827 1100 1868 1129 10

51 1184 54 1187 ’
107 1163 390 1232 εὑρίσκητε
438 1171 663 1231 τοῦτον,
710 1164 887 1236 τούτῳ
936 1165 1133 1217 δοῦναι
1181 1165 1276 1226 τὰς
1322 1166 1569 1232 ψήφους,
1624 1163 1693 1218 ἂν
1740 1166 1801 1218 δὲ

107 1252 216 1321 ἐμέ,
256 1251 390 1322 ἐμοί.

218 1342 266 1394 3.
305 1344 382 1395 Εἰ
416 1340 517 1408 μὲν
557 1338 660 1395 οὖν
698 1339 769 1410 ἦν
807 1361 903 1410 μοι
948 1344 1119 1394 καλόν
1165 1362 1222 1394 τε
1270 1341 1360 1394 καὶ
1409 1342 1699 1414 συμφέρον
1737 1345 1798 1396 τὸ

105 1433 206 1498 τὴν
251 1438 352 1483 τοῦ
406 1431 603 1493 παιδὸς
657 1430 747 1484 καὶ
802 1432 903 1498 τὴν
956 1430 1191 1500 ἀρχαίαν
1237 1433 1574 1498 κομίσασθαι
1628 1430 1798 1498 τάξιν,

106 1520 206 1572 οὐκ
246 1519 316 1572 ἂν
356 1516 518 1582 οὗτος
555 1515 656 1588 ἧκέ
691 1539 756 1589 με
795 1523 1128 1588 παρακαλῶν
1169 1519 1260 1572 καὶ
1302 1521 1561 1589 δεόμενος
1600 1521 1801 1573 δοῦναί
1823 1543 1864 1574 15

103 1627 195 1674 μοι
234 1609 414 1678 χάριν,
453 1605 570 1662 ἀλλ’
617 1608 782 1671 αὐτὸς
822 1607 892 1661 ἂν
928 1609 1030 1677 τὴν
1067 1607 1207 1677 ὑπὲρ
1247 1609 1461 1661 τούτων
1494 1608 1798 1679 ἐποιούμην

104 1697 355 1765 σπουδὴν
393 1695 483 1749 καὶ
523 1696 911 1766 προσέπεμπον
943 1696 1011 1749 ἂν
1049 1699 1182 1760 τοὺς
1212 1697 1445 1765 μάλιστα
1478 1697 1625 1769 αὐτῷ
1657 1719 1798 1769 χρω-

103 1785 305 1854 μένους
344 1782 414 1838 δι’
461 1784 687 1839 ἐκείνων
727 1785 895 1850 ἀξιῶν
925 1805 1018 1854 μοι
1052 1785 1316 1853 γενέσθαι
1347 1788 1442 1849 τὰς
1474 1787 1795 1855 διαλλαγάς·

103 1883 209 1927 νῦν
249 1871 310 1927 δὲ
358 1873 410 1938 ἐξ
459 1875 643 1927 αὐτῶν
690 1869 770 1926 ὧν
816 1874 979 1937 αὐτὸς
1024 1871 1124 1943 μὲν
1171 1876 1453 1942 βούλεται·
1476 1886 1794 1945 παρασχεῖν,

102 1963 208 2031 ἐγὼ
266 1961 325 2016 δὲ
380 1964 523 2017 ὀκνῶ
579 1966 771 2032 λαβεῖν
825 1962 1132 2031 σκέψασθε,
1187 1961 1229 2016 ὦ
1277 1965 1475 2032 ἄνδρες
1525 1966 1794 2034 δικασταί,
1819 1987 1861 2018 20

102 2053 204 2120 τὴν
241 2053 571 2121 θαυμαστὴν
611 2053 839 2119 δωρεάν.
880 2054 931 2105 εἰ
967 2053 1072 2121 γὰρ
1111 2051 1302 2121 μηδεὶς
1347 2051 1416 2105 ἂν
1463 2048 1525 2105 εὖ
1566 2063 1794 2122 φρονῶν

102 2142 273 2209 φύγοι
321 2143 382 2194 τὸ
431 2144 781 2206 λυσιτελοῦν,
836 2142 1144 2210 μαρτύριον
1198 2141 1333 2210 ὑμῖν
1386 2139 1522 2194 ἔστω
1576 2150 1677 2195 τοῦ
1719 2144 1791 2211 μὴ

219 2321 246 2358 5
280 2316 336 2359 cf.
370 2319 403 2359 t.
433 2320 573 2370 157,5

221 2486 243 2523 1
289 2478 510 2523 ἐλάττονα
544 2479 603 2524 Cr
746 2486 772 2523 4
816 2495 894 2535 μοι
932 2481 1041 2523 ante
1073 2480 1134 2536 μὴ
1167 2479 1464 2522 inserendum
1497 2479 1602 2524 coni
1634 2479 1788 2523 Gasda

219 2544 245 2583 5
285 2539 457 2594 περιὼν
490 2538 534 2582 L
565 2538 647 2582 sed
680 2555 726 2595 ρι
757 2538 806 2581 in
837 2552 912 2582 ras
941 2538 1011 2581 m²
1071 2539 1176 2594 περὶ
1209 2534 1273 2582 ὧν
1299 2539 1436 2583 ILau
1557 2543 1583 2581 6
1614 2535 1734 2583 καθ’
1762 2540 1796 2582 Ι

104 2606 108 2656 ξ
144 2600 276 2642 καλεῖ
304 2597 469 2654 scripsi
500 2610 526 2641 ο
560 2597 828 2643 CBLlLau
896 2604 1019 2641 κινεῖ
1049 2598 1109 2643 Gr
1177 2605 1303 2642 κινοῑ
1333 2597 1424 2640 edd
1558 2602 1584 2641 8
1617 2597 1728 2642 inde
1760 2611 1787 2641 a

98 2670 209 2702 voce
235 2656 388 2713 ὀρθὴν
420 2656 652 2712 scripbura
683 2656 732 2699 in
763 2658 823 2702 Gr
852 2656 947 2700 fere
981 2656 1148 2700 abrasa.
1271 2661 1324 2701 11
1359 2654 1420 2700 ἂν
1443 2655 1608 2712 scripsi
1632 2671 1656 2700 e
1676 2655 1797 2701 GBI

99 2717 210 2760 Lau
271 2716 353 2761 ἐὰν
378 2716 423 2760 L
453 2714 544 2760 edd
666 2720 720 2758 13
753 2710 812 2771 ἦν
836 2732 915 2771 μοι
946 2715 1111 2772 scripsi
1137 2730 1162 2759 e
1190 2715 1289 2759 Cro
1346 2710 1405 2772 ἦν
1428 2716 1474 2759 Β
1534 2732 1578 2759 τι
1603 2716 1787 2760 LILau

102 2774 191 2818 edd
233 2775 313 2819 sed
352 2768 412 2831 ἦν
450 2791 493 2818 τι
533 2774 638 2818 coni
670 2774 738 2818 Re
868 2779 922 2818 14
955 2775 1034 2818 καὶ
1064 2774 1150 2831 τὴν
1181 2774 1230 2817 in
1262 2786 1338 2817 ras
1369 2775 1437 2819 L²
1485 2778 1492 2832 1
1525 2772 1727 2831 κομίσαι
1760 2776 1793 2817 Ι

220 2839 274 2876 15
306 2849 360 2891 με
385 2847 458 2878 om
486 2833 524 2877 C
641 2838 696 2877 16
728 2847 838 2877 num
872 2833 916 2878 οἱ
949 2832 1244 2877 scribendum
1277 2833 1368 2877 coll
1391 2849 1437 2890 p.
1461 2837 1562 2887 491,
1580 2835 1667 2879 20?

220 2895 275 2936 18
299 2891 516 2950 γίνεσθαι
536 2893 573 2937 O
691 2897 745 2936 19
771 2890 816 2937 δ’
841 2893 921 2938 GL
945 2892 1036 2936 edd
1158 2897 1211 2936 21
1238 2890 1298 2937 ἂν
1323 2905 1400 2936 om
1418 2893 1454 2936 Ι
1568 2897 1624 2936 22
1650 2893 1783 2947 „fort

99 2958 180 2995 τοῦ
214 2950 275 3007 μή
306 2968 360 3007 με
392 2950 578 2995 οἴεσθαι
610 2953 860 2995 λυσιτελεῖν
892 2951 993 3008 ἐμοὶ
1026 2955 1285 2995 συνοικεῖν“
1318 2950 1387 2994 Re
1446 2959 1530 2995 τοῦ
1562 2948 1663 2995 οἷον
1700 2949 1784 3007 μὲν
