2026 3192
511 106 738 150 LIBANII
767 105 1030 150 LEGATIO
1064 105 1195 149 ΜΕΝ
1204 105 1340 150 ELAI
1708 106 1768 157 17
1785 106 1804 157 l

117 250 280 312 rarius
324 264 478 296 manu
523 249 684 296 tertia.
763 246 890 295 Vide
929 249 963 295 t.
996 246 1022 294 I
1052 263 1099 308 p.
1127 247 1231 295 362
1250 260 1321 308 sq.
1355 247 1405 293 et
1442 248 1477 294 t.
1510 245 1582 293 IV
1613 263 1660 307 p.
1687 247 1808 294 410.

119 315 331 371 Contuli.

119 400 169 445 et

234 471 317 518 42.
373 469 785 517 Berolinensis
841 486 910 533 gr.
964 470 1066 517 195
1132 468 1250 516 olim
1308 467 1810 516 Claromontanus

120 539 200 608 (=
228 537 307 609 Cl)
357 559 483 592 saec.
513 543 632 591 XIV
684 543 768 591 fol.
805 545 899 591 97ν
938 546 988 590 et
1029 544 1135 592 99³¹.
1216 541 1286 590 Cf.
1335 545 1370 589 t.
1410 541 1483 589 IV
1529 559 1574 604 p.
1610 544 1717 590 410
1738 557 1808 605 sq.

119 618 280 666 Hodie
317 617 495 680 incipit
534 610 642 683 (fol.
680 611 735 684 1)
769 633 799 665 a
829 617 1187 666 declamatione
1227 614 1401 679 Νόμος
1448 608 1513 679 ἦν
1561 614 1678 680 μετὰ
1723 622 1811 664 τοῦ

119 691 386 755 τυράννου,
418 692 502 740 sed
533 692 649 739 huic
683 694 923 753 quattuor
946 691 1266 740 antecessisse
1297 691 1459 741 elucet
1489 707 1548 738 ex
1580 692 1810 753 apposito

118 762 161 827 ἒ,
201 764 400 813 illarum
438 782 569 827 vero,
602 782 728 827 quae
759 766 905 813 hodie
937 765 1101 814 codice
1140 765 1413 813 Bodleiano
1458 765 1661 813 Miscell.
1704 766 1808 813 208

118 841 449 901 continentur,
486 856 641 901 aeque
674 842 823 902 atque
854 841 907 888 in
937 840 1022 888 Ma
1051 841 1214 902 prima
1245 839 1365 887 fuit:
1397 836 1596 887 διέσωσέ
1625 857 1696 898 τις
1729 837 1811 902 ἐμ-

117 919 371 978 πρησμοῦ,
412 917 461 962 et
498 914 608 962 folii
639 915 788 976 primi
827 914 1006 962 codicis
1038 913 1372 962 Berolinensis
1411 929 1643 962 numerus
1684 913 1809 961 anti—

118 983 247 1051 quus
286 988 383 1036 fuit
419 991 547 1049 210,
592 989 827 1036 foliorum
868 1004 985 1036 vero
1025 987 1206 1036 codicis
1245 987 1511 1035 Bodleiani
1544 988 1611 1035 73
1654 990 1704 1034 et
1743 988 1810 1035 88

120 1053 301 1124 quibus
360 1065 598 1125 quattuor
642 1063 760 1110 illae
815 1063 1198 1111 declamationes
1246 1061 1627 1124 comprehensae
1682 1063 1812 1122 sunt,

118 1137 312 1184 numeri
348 1137 543 1198 antiqui
577 1139 680 1185 194
715 1139 766 1184 et
800 1138 921 1185 209.
986 1135 1200 1184 Contuli.

134 1274 137 1278 .
229 1210 467 1259 Diversus
499 1214 574 1258 est
607 1211 727 1259 ordo
759 1210 1176 1259 declamationum
1207 1213 1260 1258 in
1293 1213 1532 1272 quattuor
1562 1209 1812 1258 codicibus

120 1285 205 1347 qui
238 1287 374 1332 sunt:

236 1360 320 1407 43.
353 1359 678 1407 Vaticanus
711 1376 781 1422 gr.
810 1361 876 1407 82
905 1375 1027 1407 saec.
1054 1358 1171 1406 XIV
1194 1359 1278 1407 fol.
1308 1360 1336 1405 7
1365 1361 1414 1406 et
1440 1358 1551 1407 80V.
1583 1358 1710 1406 Vide
1734 1358 1814 1407 t.I

118 1449 164 1495 p.
193 1434 260 1481 48
281 1449 353 1495 sq.
417 1433 628 1481 Menelai
659 1433 1072 1482 declamationem
1103 1433 1305 1482 contuli.

231 1509 315 1555 44.
347 1508 673 1556 Vaticanus
707 1525 784 1572 gr.
820 1508 889 1555 84
931 1523 1060 1556 anno
1098 1508 1236 1556 1425
1272 1509 1504 1555 exaratus
1541 1507 1626 1555 fol.
1664 1510 1729 1555 72
1764 1509 1815 1556 et

122 1582 203 1629 75.
258 1581 384 1629 Vide
416 1584 450 1630 t.
475 1582 502 1629 I
531 1598 578 1644 p.
605 1583 710 1631 415
730 1597 801 1644 sq.
968 1629 970 1631 .

126 1650 130 1654 ⁴
231 1657 317 1703 45.
347 1655 779 1704 Ambrosianus
810 1655 836 1703 I
869 1657 937 1704 49
980 1671 1085 1718 sup.
1120 1671 1249 1703 anno
1290 1656 1430 1703 1488
1465 1659 1695 1704 exaratus
1726 1656 1812 1704 fol.

120 1729 225 1777 333
261 1733 310 1777 et
344 1731 463 1779 338.
525 1730 652 1778 Vide
684 1733 718 1778 t.
744 1730 770 1778 I
799 1747 846 1792 p.
875 1731 979 1778 363
999 1746 1068 1792 sq.

232 1805 317 1851 46.
349 1804 663 1853 Parisinus
696 1822 774 1869 gr.
810 1806 931 1853 854
965 1798 1109 1871 (olim
1145 1805 1302 1852 1067.
1338 1798 1506 1869 2431)
1539 1801 1901 1865 bombyci-'189

119 1885 213 1925 nus
245 1877 431 1926 formae
463 1878 573 1926 folii
597 1879 792 1927 saeculo
816 1878 936 1926 XIV
966 1879 1263 1926 nitidissime
1296 1881 1525 1926 exaratus
1558 1879 1679 1925 olim
1710 1894 1813 1926 car-

119 1951 302 2000 dinalis
342 1952 583 2001 Nicolai
622 1946 976 2019 Rodulphi¹)
1020 1953 1240 2000 continet
1277 1954 1393 2014 post
1432 1953 1534 2000 alia
1574 1968 1700 2014 quae
1738 1969 1812 2000 re-

119 2029 286 2074 censet
324 2027 582 2090 catalogus
622 2027 851 2075 undecim
891 2026 1301 2088 quaternionibus
1337 2045 1462 2074 α-ιοι
1494 2021 1603 2092 (fol.
1631 2027 1812 2074 245—

120 2094 257 2155 327)
290 2100 541 2164 Λιβανίου
581 2098 770 2162 μελέται
815 2103 966 2162 atque
997 2100 1050 2148 in
1095 2100 1215 2148 folio
1265 2101 1463 2162 quidem
1510 2102 1614 2148 245
1657 2115 1814 2162 usque

120 2173 182 2220 ad
219 2175 322 2221 247
371 2174 517 2223 finem
557 2174 846 2240 Ἀρχιδάμου
893 2174 1007 2222 inde
1047 2191 1077 2222 a
1108 2175 1273 2224 verbis
1312 2170 1424 2222 οὐδ’
1467 2173 1550 2222 ἵνα
1597 2181 1685 2238 τῆς
1717 2169 1816 2241 <IV

121 2249 245 2308 423,
266 2251 331 2296 18
350 2241 431 2315 R).
494 2248 702 2296 Initium
741 2249 1115 2298 declamationis
1157 2264 1285 2311 quae
1316 2249 1417 2296 fuit
1457 2248 1620 2311 prima
1650 2249 1703 2295 in
1736 2263 1814 2296 co-

123 2321 231 2369 dice
262 2338 361 2370 uno
393 2323 514 2371 folio
547 2324 728 2371 amisso
760 2325 924 2385 periit.

232 2410 302 2459 fol
335 2413 439 2458 247
473 2395 508 2476 ᾗ
535 2409 621 2470 τὰς
650 2411 850 2470 πλείους
880 2411 1090 2475 ψήφους
1121 2414 1317 2478 κρατεῖν
1348 2406 1505 2478 (502)

235 2485 368 2533 250v
397 2482 428 2551 ᾗ
457 2489 524 2554 τῷ
554 2484 927 2550 κατορθώσαντι
956 2484 1170 2549 πόλεμον
1202 2479 1360 2552 (512)

236 2559 340 2606 259
375 2556 590 2608 Διέσωσέ
619 2577 691 2617 τις
722 2557 1012 2624 ἐμπρησμοῦ
1045 2551 1204 2626 (739)

243 2686 286 2741 1)
318 2684 370 2727 In
408 2685 564 2730 indice
594 2685 821 2729 librorum
851 2686 1309 2744 (manuscriptorum)
1341 2684 1529 2729 Nicolai
1562 2683 1815 2729 cardinalis

123 2741 360 2800 Rodulphi
393 2745 474 2800 qui
506 2744 666 2789 codice
697 2744 909 2789 Parisino
940 2757 1109 2802 graeco
1142 2749 1258 2789 3074
1290 2744 1557 2789 continetur
1588 2746 1660 2788 est
1692 2744 1816 2788 inter

124 2801 315 2855 „Libros
355 2802 555 2848 Graecos
600 2803 892 2859 promiscue“
933 2817 1103 2861 capsae
1135 2809 1192 2847 25
1239 2803 1452 2860 signatus
1499 2816 1692 2853 numero
1736 2806 1815 2847 38:

125 2862 353 2962 Atgcgm'ov
385 2862 566 2918 μελέται
587 2860 767 2907 πολλαί.
831 2862 898 2908 cf.
923 2863 1227 2907 Montfaucon
1257 2862 1376 2906 Bibl.
1401 2875 1525 2905 man.
1549 2862 1592 2905 H
1615 2877 1660 2919 p.
1689 2865 1773 2905 ‘178
1791 2874 1816 2904 c

123 2933 168 2962 n.
255 2954 264 2962 .
