2026 3192
248 110 357 162 474
716 110 944 154 LIBANH
974 109 1365 155 DEGLAMATIO
1397 111 1461 154 IX

248 246 448 308 ἵππους
499 249 824 315 συμβαῖνον.
885 244 977 298 καὶ
1039 247 1144 316 γὰρ
1200 246 1425 300 ἐκείνων
1486 249 1581 310 τὰς
1635 232 1867 311 ἀταξίας.
1907 249 1936 303 ὁ

250 335 497 386 ἱππεύων
535 344 754 403 πρῶτον
791 332 893 402 μὲν
930 343 1183 403 πειρᾶται
1216 344 1374 406 φωνῇ
1407 345 1714 405 κατασχεῖν,
1754 339 1938 390 ἔπειτα

247 423 495 490 μάστιγι,
542 424 756 476 τούτων
802 423 863 476 δὲ
910 424 1012 489 οὐκ
1059 423 1431 494 ἀποχρώντων
1477 433 1551 497 τῷ
1593 428 1796 496 χαλινῷ
1837 427 1939 494 τὴν

247 510 464 578 γνάθον
494 510 828 581 καθῄμαξεν,
868 512 897 565 ὁ
930 509 978 565 δ’
1021 511 1387 582 ἐσωφρόνησε.
1427 514 1515 565 καὶ
1550 514 1732 576 οὐδεὶς
1769 514 1939 567 αὐτόν

206 622 224 654 5
252 613 388 669 φησι
428 601 796 667 λυμαίνεσθαι
843 602 903 654 τὸ
951 600 1172 671 θρέμμα
1219 602 1461 669 τούτοις,
1510 600 1627 655 ἀλλ’
1674 596 1817 656 εἶναι
1857 604 1939 656 δι-

249 689 527 742 δάσκαλον
564 690 737 742 ἵππου
778 691 1099 743 σπουδαῖον.
1177 690 1262 743 33.
1303 692 1380 753 εἰς
1418 699 1588 743 ταῦτα
1627 690 1718 744 καὶ
1748 692 1815 745 τὰ
1846 699 1941 760 τῆς

250 776 647 847 ἀποκηρύξεως,
687 775 728 831 ὦ
768 781 1166 847 Θεμιστόκλεις,
1207 778 1380 849 φέρει,
1420 780 1521 847 τὴν
1553 779 1777 844 ἀταξίαν
1809 779 1941 833 ἀπο-

250 865 459 919 θέσθαι
499 868 597 920 τὸν
635 866 764 920 νέον
804 868 894 920 καὶ
941 866 1204 936 γενέσθαι
1250 869 1419 921 καλὸν
1466 868 1728 935 κάγαθόν.
1777 876 1939 922 τοῦτο

250 956 301 1008 οἱ
342 954 569 1025 πατέρες
609 959 853 1024 ζητοῦσι,
904 964 1067 1009 τοῦτο
1107 958 1213 1026 πρὸ
1253 966 1366 1010 τῶν
1403 956 1654 1027 πατέρων
1693 957 1721 1010 ὁ
1762 959 1941 1024 νόμος.

184 1065 226 1098 10
250 1044 316 1096 οὐ
359 1046 462 1112 γὰρ
503 1045 573 1113 δή
611 1062 719 1097 που
761 1046 895 1098 κατὰ
941 1054 1053 1098 τῶν
1100 1055 1278 1114 γενῶν
1325 1044 1540 1116 ἐγράφη
1588 1047 1836 1099 διασπῶν
1884 1065 1942 1099 τε

250 1133 388 1209 αὐτὰ
426 1132 516 1186 καὶ
554 1133 783 1202 τέμνων.
823 1133 891 1186 οὐ
931 1135 1034 1204 γὰρ
1074 1131 1221 1187 τοῦτ’
1266 1137 1432 1204 ἔργον
1469 1137 1646 1204 νόμου
1677 1136 1941 1203 βλάπτειν

249 1225 380 1284 τοὺς
426 1222 723 1291 θεμένους,
772 1221 889 1276 ἀλλ’
937 1219 998 1276 εὗ
1044 1233 1248 1291 ποιεῖν,
1296 1222 1415 1276 οὐδ’
1470 1224 1562 1278 ἴνα
1609 1224 1772 1287 αὐτὸς
1819 1223 1942 1276 ἀντὶ

249 1320 360 1363 τῶν
423 1310 838 1378 ἐκβαλλομένων
899 1316 1148 1380 γίγνοιτο
1210 1322 1322 1365 τῶν
1382 1313 1672 1382 χρημάτων
1733 1314 1942 1383 κύριος,

250 1404 472 1467 γελοῖον
526 1400 655 1469 γάρ,
711 1399 827 1454 ἀλλ’
876 1402 1022 1463 ὅπως
1077 1401 1355 1454 ἐπανίοιεν
1409 1404 1487 1463 εἰς
1540 1403 1637 1455 τὸν
1691 1407 1944 1474 πατρῷον

186 1509 228 1543 15
253 1485 409 1542 οἶκον
447 1489 830 1557 ὑγιαινούσαις
868 1498 987 1553 ταῖς
1025 1491 1282 1557 γνώμαις.
1324 1500 1551 1558 σημεῖον
1592 1489 1676 1560 δέ,
1724 1490 1790 1543 οὐ
1837 1491 1943 1560 γὰρ

161 1581 384 1626 RIV383
433 1579 638 1631 ἄλυτον
672 1577 678 1647 Ι
713 1575 957 1648 ἔγραψεν
996 1575 1137 1631 εἶναι
1176 1579 1276 1647 τὴν
1316 1577 1670 1647 ἀποκήρυξιν,
1704 1577 1821 1632 ἀλλ’
1861 1573 1944 1642 οἷς

253 1666 561 1734 ἐκβάλλειν,
608 1668 825 1730 τούτοις
870 1665 1077 1734 ἔδωκεν
1123 1667 1424 1735 ἀπολαβεῖν
1473 1666 1564 1720 καὶ
1604 1677 1718 1730 τοῖς
1757 1667 1944 1730 αὐτοῖς

230 1755 561 1823 ιἀποστῆναί
595 1775 652 1808 τε
691 1763 786 1824 τῆς
824 1764 923 1809 τοῦ
963 1757 1166 1823 πατρὸς
1205 1756 1404 1820 τάξεως
1442 1755 1533 1809 καὶ
1572 1756 1740 1810 πάλιν
1772 1757 1945 1825 αὐτὴν

253 1846 602 1911 κομίσασθαι.

373 1980 399 2018 4
432 1973 550 2020 Plat.
583 1976 779 2020 Phaedr.
814 1992 858 2032 p.
887 1981 971 2019 254
990 1976 1026 2018 E

375 2100 397 2139 l
432 2093 456 2139 ὁ
490 2094 698 2139 ἱππεύων
728 2093 813 2146 τὰς
844 2093 1037 2147 ἀταξίας
1061 2097 1092 2138 Ι
1232 2099 1256 2137 2
1298 2101 1351 2152 τῇ
1387 2097 1496 2139 ante
1533 2101 1665 2153 φωνῇ
1692 2097 1726 2138 Ι
1860 2100 1888 2138 4
1921 2093 1944 2137 ὁ

255 2151 300 2197 δ’
339 2154 505 2210 scripsi
547 2168 652 2198 cum
694 2153 905 2198 Iacobsio
948 2155 1060 2198 Leci·1
1094 2158 1175 2198 117
1256 2151 1328 2198 ὅδ’
1365 2153 1475 2197 libri
1515 2154 1607 2197 edd
1649 2157 1654 2210 Ι
1697 2151 1944 2211 καθῄμαξε

255 2214 335 2256 καὶ
374 2210 456 2257 ὧδ’
493 2213 655 2257 Iacobs
688 2212 795 2256 Add
829 2218 910 2256 127
964 2216 969 2270 Ι
1021 2214 1174 2258 αὐτῶν
1209 2213 1244 2257 O
1385 2218 1410 2255 5
1452 2212 1503 2256 τὸ
1545 2211 1733 2269 θρέμμα
1766 2212 1947 2262 τούτοις

253 2270 563 2328 λυμαίνεσθαι
587 2274 622 2316 Ι
758 2277 783 2315 6
828 2270 974 2316 ἵππου
1014 2272 1199 2329 reposui
1240 2287 1263 2315 e
1302 2272 1434 2316 libris
1513 2270 1657 2316 ’ἵππον
1696 2272 1756 2316 Cr
1795 2271 1886 2315 edd

256 2329 411 2375 ἵππων
444 2332 548 2375 coni
581 2332 648 2374 Re
793 2335 818 2374 8
850 2338 942 2375 τῶν
975 2330 1093 2376 νέων
1122 2332 1157 2374 Ι
1182 2332 1263 2374 sed
1294 2331 1344 2375 in
1375 2332 1456 2375 τὸν
1488 2329 1595 2375 νέον
1629 2344 1730 2374 corr
1759 2329 1828 2373 m²

258 2395 312 2434 10
344 2390 431 2447 γὰρ
465 2405 539 2434 om
570 2391 608 2436 G
631 2394 637 2447 1
665 2397 783 2434 νεῶν
809 2390 898 2434 Μα
1020 2396 1072 2434 11
1107 2390 1252 2435 αὐτὸν
1278 2392 1387 2435 Lau
1413 2392 1420 2447 Ι
1447 2391 1527 2433 καὶ
1558 2389 1646 2446 γὰρ
1680 2391 1733 2433 οὐ
1765 2387 1891 2433 τοῦτ’
1918 2390 1953 2432 Ι

377 2455 428 2493 12
454 2448 719 2507 χρωμένους
741 2450 785 2493 L
817 2449 899 2492 sed
929 2467 1021 2507 χρω
1053 2450 1103 2493 in
1127 2463 1201 2493 ras
1348 2454 1402 2492 14
1436 2447 1558 2501 ὅπως
1589 2448 1775 2505 reposui
1807 2462 1831 2491 e
1858 2450 1947 2493 Ma

255 2509 502 2564 BLILau,
532 2511 588 2552 ut
619 2508 723 2553 coni
755 2508 825 2551 Re
889 2506 1000 2564 ὅπερ
1033 2509 1092 2554 Or
1123 2508 1215 2552 edd
1277 2507 1427 2563 ὥσπερ
1456 2509 1492 2554 Ο
1517 2510 1522 2565 Ι
1563 2505 1831 2563 ἐπανίοιμεν
1859 2508 1948 2552 Μα

257 2567 338 2610 sed
370 2585 420 2612 εν
446 2583 586 2624 supra.
610 2583 691 2623 μεν
717 2568 786 2610 m⁴
814 2569 819 2623 Ι
856 2575 1072 2623 πατρῶον
1097 2570 1132 2612 Ι
1247 2573 1300 2611 15
1333 2567 1606 2624 ὑγιαινούσῃ
1635 2568 1723 2611 Μα
1751 2568 1756 2623 Ι
1785 2566 1894 2610 οὐδὲ
1919 2568 1955 2610 Ι

378 2631 430 2670 16
465 2628 670 2683 ἔγραψεν
711 2622 832 2670 εἶναι
872 2627 1038 2683 scripsi
1069 2640 1094 2670 e
1127 2627 1488 2672 GMaBLILau
1565 2625 1738 2682 ἔγραψε
1766 2625 1825 2670 Or
1856 2625 1948 2668 edd

378 2691 428 2729 17
475 2687 607 2742 ‚‚fort.
647 2686 828 2735 τούτοις
870 2686 1010 2730 ἔδωκε
1054 2687 1132 2729 καὶ
1176 2686 1431 2743 ἀπολαβεῖν
1472 2686 1566 2729 scil.
1607 2684 1717 2735 τοὺς
1759 2685 1945 2734 παῖδας.

257 2746 393 2789 Alias
423 2746 464 2789 si
496 2742 565 2797 οἷς
593 2759 688 2789 mm
718 2745 781 2789 ad
812 2752 997 2802 γονεῦσι
1027 2747 1273 2799 referatur,
1311 2745 1390 2789 sed
1420 2744 1483 2788 ad
1513 2741 1703 2800 ῤ’ήμασι,
1737 2749 1833 2787 tum
1863 2745 1944 2800 leq.

257 2805 343 2848 erit
381 2804 590 2862 ἐμβάλλει
629 2804 738 2861 [leg.
774 2803 1013 2861 ἐκβάλλει]
1060 2805 1224 2859 quibus
1263 2804 1408 2848 verbis
1442 2804 1565 2847 eiicit
1603 2803 1644 2845 h.
1671 2817 1704 2845 e.
1738 2802 1948 2846 eiiciendi

257 2863 418 2908 liberos
441 2864 708 2918 facultatem
732 2863 814 2907 dat
833 2863 1056 2919 patribus,
1089 2863 1248 2907 iisdem
1272 2864 1417 2906 verbis
1439 2863 1572 2906 etiam
1598 2874 1669 2905 eos
1691 2861 1948 2905 resumendi

259 2922 340 2965 dat
369 2923 660 2976 facultatem“
694 2922 761 2965 Re
