2054 3192
566 144 792 190 LIBANII
823 143 1128 189 APOLOGIA
1159 142 1445 188 SOCRATIS
1774 142 1842 196 21

151 303 260 336 κου
307 286 512 350 κλοπῆς
558 281 685 334 οὔτε
725 279 931 348 ἀπάτης
971 280 1098 333 οὔτε
1140 279 1450 348 ἱεροσυλίας
1496 279 1622 331 οὔτε
1662 276 1846 348 ἐπιορ-

55 388 65 397 “
150 374 271 434 κίας
324 369 434 425 οὔτ’
495 370 688 439 ἀργίας
743 367 871 422 οὔθ’
934 368 1238 438 ὑπεροψίας
1303 377 1415 420 τῶν
1477 370 1664 436 νόμων
1718 367 1847 420 οὔτε

153 461 328 529 δήμου
361 460 725 525 καταλύσεως,
766 458 976 526 ἁπάσης
1016 457 1077 510 δὲ
1110 457 1477 526 σωφροσύνης
1508 454 1599 509 καὶ
1640 457 1848 508 δικαιο-

153 550 323 616 σύνης
379 549 615 616 ἡγεμόνα
684 545 776 600 καὶ
837 547 1063 599 πάντων
1125 545 1260 614 ὑμῖν
1323 546 1692 599 εὐνούστατον
1754 542 1846 596 καὶ

151 635 520 705 γεγενημένον
560 634 651 688 καὶ
693 637 844 702 ὄντα,
884 635 1104 687 πείσατε
1129 633 1360 687 Ἄνυτον
1407 633 1845 702 ἐγκαλύψασθαι.
1893 654 1913 688 5

266 725 347 777 14.
388 728 658 778 Σκοπεῖτε
698 723 774 776 δέ.
819 724 1142 792 Σωκράτης,
1191 720 1232 775 ὦ
1274 725 1498 793 ἄνδρες,
1551 724 1845 791 γενόμενος

150 813 209 867 ἐκ
255 815 460 883 πατρὸς
499 812 796 881 Ἀθηναίου
850 810 940 865 καὶ
991 811 1221 880 τραφεὶς
1277 810 1338 865 ἐν
1391 820 1507 874 τοῖς
1562 811 1845 881 ἡμετέροις

148 905 342 972 νόμοις
380 902 648 970 λογισμὸν
688 904 846 970 ἔλαβε
886 903 1046 970 μείζω
1087 898 1187 967 μὲν
1230 907 1359 963 ἴσως
1398 909 1493 969 τῆς
1536 902 1712 963 οἰκίας
1750 909 1845 970 τῆς

151 989 375 1060 ἑαυτοῦ,
431 990 710 1057 πρέποντα
766 987 826 1042 δὲ
885 999 948 1060 τῇ
1002 993 1158 1043 πόλει
1212 989 1302 1042 καὶ
1357 997 1432 1062 τῷ
1488 998 1582 1058 τῆς
1635 991 1846 1051 πόλεως

149 1081 505 1149 γνωρίσματι.
544 1079 636 1132 καὶ
675 1080 930 1147 διήνεγκε
968 1089 1080 1132 τῶν
1119 1083 1366 1143 πολλῶν,
1418 1079 1693 1147 ὁμολογῶ,
1743 1079 1845 1131 οὐκ
1870 1100 1913 1132 10

150 1167 454 1237 ἐξενεχθεὶς
501 1166 589 1220 ἐπὶ
635 1170 701 1220 τὰ
749 1169 912 1237 χείρω
961 1168 1051 1220 καὶ
1100 1167 1401 1236 βουληθεὶς
1448 1167 1712 1236 γενέσθαι
1752 1168 1846 1220 κά-

148 1271 358 1325 κιστος,
414 1258 487 1319 ὡς
542 1253 700 1310 οὗτοί
753 1272 950 1326 φασιν,
1007 1256 1145 1310 ἀλλὰ
1194 1265 1269 1329 τῷ
1325 1257 1557 1323 μάλιστα
1614 1258 1681 1325 δὴ
1735 1267 1846 1310 τῶν

148 1345 648 1415 μνημονευομένων
690 1345 882 1415 ἀρετῆς
921 1347 1224 1415 ὀρεχθῆναι
1263 1344 1354 1398 καὶ
1394 1347 1638 1414 νομίζειν
1679 1349 1845 1413 ζηλω-

149 1436 246 1489 τὸν
282 1436 344 1488 τὸ
392 1443 582 1503 κτῆμα.
663 1434 743 1487 15.
784 1436 845 1488 τὸ
893 1432 995 1504 μὲν
1045 1436 1150 1505 γὰρ
1199 1433 1261 1488 ἐν
1308 1435 1587 1506 βαναυσία
1634 1435 1714 1487 δι-
1770 1438 1934 1483 Rme

149 1523 307 1592 άγειν
344 1523 377 1590 ἢ
419 1532 524 1592 γῆν
565 1522 891 1594 ἐργάζεσθαι
930 1523 963 1592 ἢ
1002 1524 1211 1593 πελάγη
1250 1532 1425 1592 περᾶν
1464 1520 1602 1592 ὑπὲρ
1642 1524 1845 1592 χρημά-
1870 1544 1913 1578 15

149 1631 261 1665 των
314 1612 347 1682 ἢ
402 1614 467 1665 τὰ
530 1612 637 1666 ἀπὸ
691 1622 803 1666 τῶν
857 1613 1141 1682 μετάλλων
1195 1616 1376 1682 ζητεῖν
1431 1611 1462 1680 ἢ
1519 1613 1846 1681 μνηστεύειν

149 1701 318 1770 ἀρχὰς
357 1701 389 1770 ἢ
427 1703 530 1770 τὴν
570 1699 655 1754 ἐπὶ
689 1703 820 1763 τοὺς
854 1702 1075 1764 ἰδιώτας
1107 1702 1400 1771 ῥητορείαν
1432 1700 1723 1769 συλλέγειν
1754 1699 1843 1754 καὶ

150 1791 243 1843 διὰ
282 1790 482 1859 ταύτης
520 1799 616 1859 τῆς
654 1789 879 1858 μελέτης
918 1795 1273 1860 καρποῦσθαι
1313 1793 1443 1852 τοὺς
1490 1790 1847 1859 ἀπράγμονας

149 1887 320 1932 ταῦτα
367 1878 486 1948 ᾔδει
532 1876 633 1946 μὲν
679 1888 796 1942 τοῖς
840 1887 1092 1946 μετιοῦσι
1144 1880 1235 1932 καὶ
1290 1880 1554 1948 δυνάμεις
1607 1879 1698 1931 καὶ
1751 1881 1847 1942 τὰς

149 1966 570 2035 θαυμαζομένας
607 1967 716 2020 ὑπὸ
755 1977 866 2020 τῶν
907 1972 1130 2020 πολλῶν
1172 1969 1441 2036 ὠφελείας
1481 1967 1722 2038 φέροντα
1755 1966 1846 2020 καὶ
1871 1989 1915 2022 20

151 2057 429 2125 φοβεροὺς
475 2063 746 2109 ποιοῦντα
801 2066 915 2119 τοῖς
971 2055 1032 2110 ἐν
1086 2067 1204 2119 ταῖς
1252 2057 1558 2126 εὐπορίαις,
1615 2057 1682 2110 οὐ
1737 2057 1846 2125 μὴν

151 2144 396 2213 ἐδυνήθη
463 2145 763 2214 Σωκράτης
823 2146 1039 2199 τούτων
1101 2146 1269 2198 οὐδὲν
1331 2146 1458 2198 οὔτε
1520 2144 1656 2213 μέγα
1718 2146 1846 2198 οὔτε

270 2368 294 2406 2
329 2363 433 2407 οὔτε
452 2366 512 2420 (1)
531 2365 576 2408 Β
699 2368 723 2406 5
748 2363 970 2419 ποιήσατε
1004 2364 1108 2407 coni
1138 2363 1341 2409 Sintenis
1466 2368 1487 2405 7
1530 2363 1768 2420 ἡμετέροις
1799 2367 1845 2409 Β

151 2422 232 2466 sed.
282 2439 310 2478 η
359 2435 414 2465 ex
459 2440 488 2466 v
537 2437 637 2467 corr
724 2423 959 2478 ὑμετέροις
1009 2423 1114 2480 Rog
1265 2428 1291 2467 8
1343 2422 1518 2473 οἰκείας
1564 2425 1658 2468 Ath
1708 2424 1714 2482 Ι
1763 2430 1846 2479 τῆς

151 2480 318 2525 ἑαυτοῦ
365 2481 530 2538 scripsi
578 2495 602 2525 e
637 2483 901 2526 MaUVaB
986 2483 1131 2526 αὐτοῦ
1164 2484 1258 2527 Ath
1304 2482 1406 2526 Mor
1422 2482 1489 2526 Re
1573 2490 1653 2540 τῆς
1699 2483 1845 2526 αὑτοῦ

149 2539 254 2598 Rog
376 2545 428 2583 11
463 2541 722 2598 ἐξενεχθεὶς
752 2542 939 2597 reposui
972 2554 996 2584 e
1028 2541 1162 2584 libris
1203 2555 1307 2585 cum
1340 2542 1443 2599 Rog
1506 2541 1714 2599 ἐνεχθεὶς
1743 2542 1846 2586 Mor

149 2598 217 2642 Re
357 2604 410 2643 13
451 2600 618 2655 ἀρετῆς
656 2600 913 2657 ὀρεχθῆναι
955 2601 1119 2656 scripsi
1197 2601 1334 2658 ἀρετῇ
1377 2604 1689 2657 στηριχθῆναι
1735 2601 1845 2644 libri

150 2657 252 2701 Mor
267 2658 335 2702 Re
397 2659 562 2714 ἀρετῆς
584 2656 620 2702 τ’
650 2658 907 2716 ὀρεχθῆναι
931 2658 1078 2704 Cobet
1094 2660 1262 2704 Mnem.
1282 2660 1346 2703 ΠΙ
1365 2664 1448 2703 143
1473 2660 1577 2717 Rog
1685 2666 1738 2704 14
1763 2662 1844 2717 βα-

150 2715 321 2778 ναυσία
354 2717 518 2773 scripsi
551 2731 606 2761 ex
629 2719 724 2762 Ath
736 2720 776 2763 U
785 2720 900 2763 VaB
925 2718 1192 2763 auctoribus
1217 2718 1377 2763 Bastio
1403 2718 1537 2775 Greg.
1564 2718 1663 2763 Cor.
1694 2734 1736 2775 p.
1757 2723 1843 2763 836

151 2776 221 2818 ed.
270 2763 451 2820 S‘chaef.
501 2778 548 2819 et
594 2776 752 2820 Gasda
813 2791 918 2821 cum
964 2778 1069 2835 Rog
1159 2776 1395 2850 βαναυσίω
1446 2779 1534 2822 Ma
1625 2779 1685 2835 βα
1689 2778 1843 2836 ναύσῳ

151 2833 252 2878 Mor
277 2835 344 2878 Re
377 2835 458 2890 qui
498 2836 746 2893 βαναύσων
788 2837 892 2880 coni
1017 2841 1069 2879 16
1110 2836 1314 2893 μετάλων
1365 2838 1408 2882 U
1414 2837 1533 2881 VaB
1649 2842 1702 2880 21
1747 2844 1844 2887 τοῖς

152 2894 315 2995 {gripff
358 2894 625 2938 auctoribus
659 2894 838 2939 Sinteni
872 2895 1029 2939 Gasda
1070 2894 1242 2940 Cobeto
1283 2910 1386 2939 cum
1425 2895 1530 2953 Rog
1589 2897 1697 2946 τοὺς
1734 2895 1843 2939 libri

203 2966 253 2996 or
312 2965 337 2995 e
