2026 3192
220 105 330 157 510
690 102 918 147 LIBANII
948 102 1339 148 DECLAMATIO
1371 102 1435 146 XI

778 305 1299 530 KR.

675 506 781 687 v!
871 534 1020 669 f
1023 577 1063 597 ,,,,,
1131 627 1172 646 ,,,,,
1185 465 1471 774 λ

850 688 886 730 Β

1430 793 1530 836 Lau

332 926 392 974 In
409 927 696 976 universum
712 927 793 975 hic
811 942 1006 989 quoque
1029 927 1169 990 prior
1182 926 1377 974 familia
1402 926 1547 974 alteri
1562 925 1658 974 fide
1679 927 1917 987 praestat,

221 1001 306 1048 sed
343 1001 510 1049 nullus
550 1001 700 1049 codex
739 1002 1028 1065 integritate
1070 1003 1270 1063 praeter
1300 1002 1489 1049 ceteros
1521 1000 1727 1060 eminet,
1763 999 1918 1048 immo

219 1091 338 1122 vero
371 1091 538 1123 omnes
563 1092 625 1123 ne
661 1076 720 1123 Vi
752 1075 951 1137 quidem
975 1077 1178 1138 excepto
1205 1075 1331 1123 alius
1357 1074 1457 1123 alia
1480 1074 1607 1123 labis
1633 1076 1917 1123 contractae

220 1149 364 1213 signa
393 1150 572 1198 ferunt.
583 1143 627 1216 1)

335 1223 389 1271 Si
419 1241 572 1271 unum
603 1224 767 1273 locum
800 1241 829 1272 a
865 1224 1127 1272 Macario
1170 1216 1709 1290 Ghrysocephalo2)
1743 1222 1916 1270 lauda-

220 1299 326 1344 tum
360 1298 558 1360 excipis,
588 1300 877 1347 testimonia
909 1298 1099 1346 desunt.

333 1371 644 1421 Declamatio
687 1373 740 1420 in
786 1373 947 1420 lucem
992 1374 1248 1435 protracta
1294 1375 1369 1419 est
1416 1388 1446 1419 a
1491 1372 1620 1420 Fed.
1662 1371 1916 1420 Morello

221 1445 394 1494 Liban.
428 1463 541 1508 opp.
574 1450 609 1495 t.
634 1447 659 1494 I
690 1464 738 1509 p.
763 1447 1056 1495 479—488
1107 1446 1195 1508 qui
1241 1449 1330 1494 aut
1374 1448 1536 1509 ipsum
1568 1447 1617 1494 L
1655 1463 1807 1494 manu
1847 1462 1917 1494 se-

223 1520 385 1568 cunda
416 1524 691 1569 correctum
701 1515 744 1587 3)
778 1524 866 1569 aut
889 1520 1107 1570 codicem
1132 1538 1156 1568 e
1183 1536 1279 1582 quo
1305 1522 1552 1569 correctus
1585 1522 1660 1568 est
1689 1536 1780 1583 pro
1805 1521 1915 1567 fun·

222 1595 453 1643 damento
492 1595 691 1656 habuit,
730 1595 814 1643 sed
856 1595 1007 1643 etiam
1047 1595 1263 1643 codicem
1303 1610 1415 1643 cum
1445 1595 1494 1641 B
1527 1597 1792 1658 cognatum
1831 1594 1917 1642 ad-

221 1662 451 1735 hibuit.4)
515 1669 654 1717 Vitia
694 1669 872 1731 quibus
910 1670 1032 1735 haec
1071 1669 1224 1718 editio
1265 1670 1423 1716 scatet
1468 1669 1627 1716 multa
1675 1685 1784 1717 cum
1824 1684 1917 1730 ope

223 1743 405 1791 codicis
427 1743 752 1804 Monacensis,
777 1760 922 1806 quem
947 1743 1247 1791 Bavaricum
1270 1744 1489 1804 primum
1513 1736 1603 1809 (B)
1629 1742 1917 1805 appellavit,

221 1819 330 1864 tum
355 1818 624 1866 divinando
650 1819 848 1866 sanavit
871 1818 1176 1878 Reiskius,
1209 1817 1294 1864 sed
1317 1817 1397 1864 hic
1423 1833 1618 1879 quoque
1641 1832 1766 1864 uxor
1791 1831 1916 1878 quae

224 1892 491 1940 editionem
521 1895 557 1939 t.
581 1892 653 1939 IV
677 1909 724 1954 p.
753 1893 1043 1940 336—348
1077 1892 1196 1941 fecit
1225 1894 1414 1939 textum
1439 1891 1788 1940 Morellianum
1820 1906 1916 1938 ser-

223 1981 339 2013 vare
375 1981 524 2027 quam
556 1966 923 2014 emendationes
955 1966 1125 2014 mariti
1154 1967 1373 2027 recipere
1404 1965 1596 2014 maluit.

327 2040 585 2088 Nonnulla
610 2041 673 2088 ad
688 2042 879 2088 textum
901 2040 1249 2103 corrigendum
1274 2040 1591 2088 contulerunt
1614 2040 1693 2086 Fr.
1710 2039 1736 2086 I
1745 2055 1775 2087 a
1785 2054 1808 2086 c
1819 2054 1847 2086 o
1857 2038 1886 2085 b
1898 2064 1915 2070 -

225 2114 346 2162 sius
380 2116 430 2162 et
461 2115 520 2161 A.
554 2113 760 2163 Gasda.
773 2108 816 2181 5)

346 2271 387 2326 1)
422 2268 488 2313 Cf.
522 2283 663 2327 supra
693 2285 736 2325 p.
764 2275 864 2314 457.

344 2331 388 2384 2)
421 2327 487 2372 Cf.
520 2331 552 2373 t.
582 2329 601 2371 J
634 2345 678 2386 p.
706 2334 789 2374 351
809 2344 876 2385 sq.

345 2391 389 2444 3)
421 2386 487 2431 Cf.
521 2403 565 2444 p.
593 2393 693 2443 514,
713 2394 734 2431 1
771 2390 818 2432 et
850 2403 989 2445 supra
1019 2404 1064 2445 p.
1091 2393 1189 2432 458.

344 2450 388 2504 4)
422 2446 488 2491 Cf.
521 2462 565 2503 p.
597 2453 697 2502 528,
717 2453 756 2492 3.

345 2510 388 2561 5)
421 2505 487 2550 Cf.
521 2521 662 2562 supra
692 2522 736 2563 p.
767 2512 864 2551 198.
