2054 3192
545 163 774 207 LIBANII
805 161 1110 208 APOLOGIA
1143 162 1427 208 SOCRATIS
1769 163 1836 216 91

139 300 350 368 βιάδου
403 300 494 353 καὶ
556 301 792 367 Κριτίου
847 304 1181 368 μνησθῆναι.
1247 298 1370 367 περὶ
1435 295 1514 352 ὧν
1569 298 1680 352 ἐστὶ
1737 297 1839 368 μὲν

144 389 547 456 ἀπολογεῖσθαι
608 385 830 459 ῥᾴδιον,
893 388 1042 441 πάνυ
1097 385 1145 440 δ’
1207 387 1276 441 ἂν
1340 389 1727 458 αἰσχυνοίμην,
1792 390 1839 441 εἰ

140 476 362 546 δόξαιμι
412 482 733 530 καταλιπεῖν
761 475 1110 545 Ἀλκιβιάδην
1150 475 1211 529 ἐν
1249 479 1516 547 κοινωνίᾳ
1566 484 1662 546 τῆς
1702 480 1836 546 Κρι-

141 569 268 619 τίου
309 563 471 635 δόξης
508 573 609 618 τοῦ
647 566 714 618 τὰ
744 565 905 618 κοινὰ
935 566 1126 635 γνώμῃ
1158 567 1501 634 βεβλαφότος
1531 567 1629 619 τὸν
1660 568 1835 619 πολλὰ

140 651 248 724 μὲν
288 650 350 707 εὖ
389 656 739 723 πεποιηκότα,
779 655 958 707 πάντα
999 652 1059 707 δὲ
1098 654 1446 721 κωλυθέντα,
1498 659 1737 723 λυπῆσαι
1778 652 1839 708 δὲ

138 742 575 812 ἠναγκασμένον.
615 752 730 806 πῶς
769 739 872 796 οὖν
918 763 1012 812 μοι
1053 744 1225 806 δοκεῖς
1273 744 1441 813 μικρὰ
1489 742 1653 813 χωρὶς
1699 741 1837 813 ὑπὲρ

143 832 359 887 ἐκείνου
399 831 761 901 διαλεχθέντα
801 833 935 900 μετὰ
973 839 1145 885 ταῦτα
1177 840 1529 902 συγχωρῆσαι
1569 830 1671 902 μὲν
1712 838 1839 901 ι”σην

138 920 353 990 ἀμφοῖν
394 917 535 974 εἶναι
573 922 675 990 τὴν
714 921 959 989 ἀδικίαν,
1008 921 1179 984 δεῖξαι
1230 919 1291 974 δὲ
1331 922 1498 975 οὐδὲν
1539 924 1704 991 μετὸν
1743 930 1839 991 τῆς

138 1010 358 1072 ἀδικίας
396 1010 697 1078 Σωκράτει.

258 1099 379 1151 137.
427 1102 496 1152 Τί
531 1095 634 1152 οὖν
674 1100 744 1152 ἄν
782 1120 864 1162 τις
894 1097 1238 1168 Ἀλκιβιάδου
1278 1103 1631 1169 κατηγοροίη,
1682 1102 1837 1153 πότε-

139 1207 246 1255 ρον
300 1189 383 1241 ὅτι
437 1190 536 1242 τὸν
580 1185 918 1258 Ἀλκμαίωνα
972 1187 1063 1241 καὶ
1114 1190 1213 1242 τὸν
1248 1188 1564 1242 Ἱππόνικον
1617 1189 1838 1242 ἀκούων

137 1276 232 1330 καὶ
271 1277 620 1345 προαιρέσεις
665 1281 924 1346 γενναίας
969 1276 1059 1330 καὶ
1111 1277 1333 1346 πράξεις
1372 1278 1708 1347 ἐφαμίλλους
1746 1279 1836 1331 καὶ

139 1369 407 1420 Κλεινίαν
445 1367 536 1419 καὶ
576 1366 750 1436 μάχας
786 1365 878 1420 καὶ
918 1369 1177 1436 τελευτὴν
1216 1365 1446 1430 ἔνδοξον
1483 1370 1838 1436 φρονήματος

262 1563 284 1600 1
319 1558 485 1601 Aesch.
519 1557 635 1601 Tim.
669 1562 694 1611 ἓ
722 1561 806 1601 173
937 1562 962 1599 2
995 1557 1132 1602 Isocr.
1165 1557 1314 1601 Busir.
1347 1573 1391 1614 p.
1419 1562 1503 1600 222
1523 1571 1545 1600 c
1669 1563 1694 1602 8
1720 1558 1835 1601 Xen.

137 1630 305 1660 comm.
330 1617 351 1660 I
376 1622 417 1671 2,
436 1621 492 1660 25
510 1632 577 1672 sq.
702 1622 755 1660 11
781 1617 901 1660 Plat.
926 1616 1024 1661 Alo.
1043 1617 1064 1660 Ι
1089 1632 1132 1673 p.
1153 1622 1237 1661 112
1256 1616 1301 1661 C.
1337 1617 1442 1662 Her.
1470 1617 1532 1660 VI
1559 1622 1657 1661 125.
1697 1617 1834 1662 Isocr.

139 1675 237 1734 big.
262 1682 287 1730 ς’
314 1681 370 1719 25
506 1681 559 1720 13
593 1676 700 1720 Her.
731 1676 841 1720 VIII
876 1681 942 1721 17.
977 1676 1098 1719 Pluss.
1132 1676 1231 1720 Alc.
1268 1683 1304 1719 1.
1339 1676 1452 1720 Xen.
1488 1691 1652 1720 comm.
1678 1677 1698 1719 1
1723 1682 1835 1731 2,14

137 1737 188 1779 et
220 1740 290 1779 24.
325 1736 461 1780 Isocr.
492 1736 587 1793 big.
613 1751 659 1792 p.
686 1740 770 1780 351
790 1750 814 1779 c
832 1752 899 1793 sq.
926 1737 973 1779 et
1006 1740 1089 1779 352
1109 1750 1133 1779 c

262 1920 284 1957 1
326 1915 406 1958 καὶ
446 1913 640 1967 Κριτίου
680 1913 844 1970 scripsi
886 1916 1075 1958 auctore
1114 1913 1182 1958 Re
1222 1928 1327 1957 cum
1366 1914 1470 1971 Rog
1546 1915 1625 1958 καὶ
1667 1915 1835 1958 τούτου

139 1973 322 2028 κριτίου
357 1975 622 2019 MaUVaB
684 1974 764 2017 καὶ
795 1973 962 2018 τούτου
994 1974 1089 2018 Ath
1120 1973 1222 2017 Mor
1237 1973 1306 2017 Re
1368 1971 1561 2028 Κριτίου
1592 1989 1640 2017 τε
1673 1973 1834 2017 Iaoobs

140 2033 252 2077 Lect
284 2037 367 2076 201
421 2037 425 2089 Ι
476 2033 570 2078 ἐστὶ
602 2032 765 2089 scripsi
799 2046 854 2077 ex
886 2034 979 2077 Ath
1053 2032 1145 2077 ἔστι
1180 2033 1444 2077 ΜαΠΓαΒ
1511 2033 1563 2076 τὸ
1600 2033 1691 2077 edd
1751 2040 1834 2077 τοῦ

138 2091 345 2136 Sintenis
489 2097 516 2135 4
552 2091 609 2135 τὰ
640 2091 779 2136 κοινὰ
810 2093 997 2148 reposui
1030 2107 1053 2135 e
1087 2093 1175 2136 Ma
1187 2093 1353 2137 UVaB
1385 2091 1488 2136 coll.
1522 2091 1636 2136 Xen.
1671 2106 1832 2136 comm.

137 2151 160 2194 1
191 2157 231 2206 2,
252 2157 307 2195 12
340 2166 446 2195 cum
476 2151 580 2208 Rog
639 2150 746 2196 τινὰ
769 2152 860 2195 Ath
895 2151 1081 2196 MorRe
1140 2149 1246 2196 τίνα
1274 2151 1377 2196 coni
1401 2151 1467 2195 Re
1530 2150 1634 2196 τίνα
1659 2151 1750 2208 (vel
1774 2149 1833 2206 τί)

138 2211 195 2255 οὐ
235 2210 325 2267 (vel
357 2211 459 2268 οὐκ)
497 2210 660 2254 Iacobs
700 2211 813 2254 Lect
845 2215 929 2254 201
969 2211 1065 2255 Not
1095 2215 1151 2254 43
1244 2211 1303 2254 τὰ
1340 2210 1465 2254 κακὰ
1502 2210 1771 2255 Hefermehl
1822 2223 1825 2263 ξ

140 2271 325 2328 γνώμης
348 2271 441 2316 Ath
502 2268 788 2327 παρανόμως
817 2270 890 2313 vel
913 2270 1099 2328 ἀνόμως
1123 2270 1287 2314 Iacobs
1314 2273 1321 2327 Ι
1349 2270 1637 2329 βεβλαφότος
1667 2270 1834 2327 scripsi

138 2329 244 2373 coll.
278 2329 407 2374 Dem.
441 2344 485 2386 p.
512 2333 613 2384 398,
630 2334 658 2373 4
728 2328 1010 2385 δεδρακότος
1040 2329 1150 2373 libri
1187 2329 1275 2372 edd
1421 2334 1447 2372 5
1478 2329 1654 2388 πάντα]
1687 2329 1833 2374 πολλὰ

139 2387 298 2433 Gasda
420 2394 445 2432 6
485 2388 663 2444 πρέπον
695 2389 801 2432 coni
831 2389 899 2432 Re
960 2389 1148 2440 πάντως
1180 2388 1452 2433 IacobsAdd
1486 2393 1570 2432 158
1602 2389 1715 2433 Lech
1746 2393 1830 2432 201

139 2449 246 2504 App
289 2447 401 2492 Pors
442 2453 526 2492 322
570 2447 666 2492 Not
705 2452 761 2492 34
844 2448 1095 2503 προσήκειν
1135 2450 1324 2492 auctore
1368 2446 1541 2492 Cobeto
1574 2447 1677 2505 Rog
1703 2450 1709 2503 Ι
1738 2448 1833 2505 sig-

137 2521 252 2550 num
293 2507 674 2564 interrogationis
713 2507 888 2551 inserui
929 2522 984 2551 ex
1023 2508 1068 2552 U
1102 2507 1184 2551 sed
1223 2521 1347 2559 eras,
1375 2508 1420 2550 Β
1461 2521 1566 2551 cum
1606 2507 1827 2551 Sinteni

139 2565 283 2622 μικρὰ
315 2580 390 2610 om
423 2567 512 2611 Ma
649 2570 672 2609 7
714 2573 976 2622 μεταταῦτα
1008 2568 1098 2611 Μα
1148 2570 1153 2622 Ι
1203 2567 1288 2623 μὲν
1319 2580 1395 2610 om
1430 2568 1515 2611 Ma
1637 2570 1662 2610 8
1695 2567 1832 2642 μετὸν

148 2626 195 2669 U
218 2625 301 2670 sed
340 2642 395 2670 ον
418 2626 670 2669 maximam
700 2627 884 2682 partem
915 2639 1018 2670 eras
1095 2625 1208 2683 μετὰ
1240 2626 1379 2670 Μαῐ
1377 2640 1405 2669 α
1545 2629 1598 2670 10
1636 2624 1691 2669 Τί
1725 2622 1831 2678 οὗνς

138 2682 209 2734 τίς
240 2701 300 2727 αν
330 2683 634 2758 Αλκιβιάδου
645 2685 808 2729 Iacobs
841 2685 954 2729 Lech
986 2689 1070 2729 201
1104 2686 1209 2742 App
1242 2684 1353 2728 Pors
1379 2688 1463 2727 322
1501 2685 1506 2742 Ι
1542 2684 1622 2742 ἄν]
1656 2683 1705 2729 εἷ’
1729 2685 1831 2729 coni

140 2743 298 2787 Gauda
335 2745 341 2800 Ι
384 2741 685 2801 κατηγοροίη·
717 2742 918 2799 πότερον
948 2744 1115 2800 scripsi
1147 2746 1336 2788 auctore
1368 2742 1542 2788 Cobeto
1575 2743 1743 2788 Mnem.
1769 2743 1832 2786 ΙΠ

142 2807 227 2845 154
252 2817 357 2846 oum
373 2803 478 2860 Rog
537 2801 816 2859 κατηγοροίη
842 2802 954 2848 ποτὲ
970 2802 1079 2846 libri
1095 2803 1198 2847 Mor
1217 2803 1284 2846 Re
1411 2808 1462 2846 11
1483 2818 1552 2846 οτι
1570 2829 1624 2835 -
1643 2803 1832 2847 ἀκούων

140 2875 218 2904 om
253 2863 339 2906 Ma
485 2867 538 2905 12
577 2862 658 2906 καὶ
675 2863 738 2920 (1)
768 2863 955 2919 reposui
988 2877 1011 2905 e
1035 2862 1169 2906 libris
1213 2863 1402 2906 auctore
1433 2862 1500 2905 Re
1534 2875 1639 2906 cum
1671 2862 1773 2918 Rog

139 2921 192 2964 τὸ
236 2920 339 2964 Mor
354 2921 421 2963 Re
500 2918 566 2990 ῥ’τι
612 2921 815 2965 Sintenis
866 2924 872 2976 1
923 2921 1002 2965 καὶ
1040 2919 1258 2966 Κλεινίου
1302 2920 1454 2979 μάχας
1496 2922 1576 2964 καὶ
1617 2920 1831 2976 τελευτὴν

140 2978 287 3023 001)θῇ
409 2984 463 3023 13
497 2977 566 3023 ὅτι
598 2979 896 3037 φρονήματος
928 2982 1017 3025 Μα
1058 2981 1222 3026 UVaB

1886 676 1905 708 5

1863 1121 1906 1153 10
