2054 3192
559 153 786 196 LIBANII
817 151 1120 196 APOLOGIA
1154 151 1437 196 SOCRATIS
1809 152 1843 204 3

151 295 299 343 cratis
348 295 437 355 qui
475 298 587 340 eum
627 293 742 340 Bus.
779 296 807 340 2
834 309 897 383 p.
935 294 1038 340 222
1059 307 1083 340 c
1130 292 1403 354 alloquitur
1442 291 1741 356 Σωκράτους
1791 289 1847 341 δὲ

151 371 439 433 κατηγορεῖν
471 365 793 458 ἐπιχειρήσας,
826 365 986 431 ὥσπερ
1018 365 1314 430 ἐγκωμιάσαι
1345 365 1661 430 βουλόμενος,
1688 360 1845 454 Ἀλκι-

152 441 336 508 βιάδην
367 439 554 499 ἔδωκας
589 439 721 509 αὐτῷ
754 439 1005 504 μαθητήν,
1038 436 1096 488 ὃν
1129 433 1206 488 ὑπ’
1244 438 1434 488 ἐκείνου
1468 437 1556 501 μὲν
1589 438 1752 498 οὐδεις
1785 435 1844 508 ἥ-

150 519 296 564 σθετο
329 513 747 578 παιδευόμενον,
731 515 802 562 ότι
830 513 882 562 δὲ
907 513 1033 562 πολὺ
1059 513 1282 579 διήνεγκε
1306 521 1404 561 τῶν
1427 511 1602 574 ἄλλων,
1634 514 1849 574 άπαντες

150 608 212 638 αν
251 587 621 654 ὁμολογήσειαν,
660 589 713 636 id
760 589 891 650 apud
929 588 1194 636 Libanium
1233 605 1279 650 p.
1316 590 1400 648 91,
1422 590 1446 635 1
1476 604 1546 650 sq.
1593 590 1667 636 ita
1713 589 1845 637 redit

149 666 209 712 ut
245 662 530 711 Alcibiades
578 678 688 710 cum
731 661 887 710 Critia
933 679 1023 724 pro
1065 663 1288 724 exemplo
1335 663 1529 710 iuvenis
1572 678 1600 709 a
1643 661 1845 711 Socrate

150 739 372 799 corrupti
418 737 479 785 ab
519 737 689 798 Anyto
735 737 1019 798 proferatur
1031 731 1087 803 1).
1148 737 1230 785 ,Et
1274 728 1444 785 versus
1492 736 1550 784 de
1590 737 1735 786 Ulixe
1787 753 1846 785 ex

149 811 322 859 Iliadis
362 810 575 859 secundo
617 812 804 872 sumpti
843 827 1000 873 aeque
1039 811 1173 873 apud
1213 810 1478 858 Libanium
1519 814 1668 872 atque
1712 810 1846 872 apud

150 886 463 947 Polycratem
495 888 760 933 occurrunt
792 901 1098 947 quamquam
1136 885 1333 933 diversa
1371 885 1563 933 ratione
1602 887 1843 948 usurpati.

149 959 282 1007 Nam
320 958 609 1021 Polycrates
650 958 842 1006 Socrati
874 959 999 1007 vitio
1039 961 1258 1007 verterat
1289 959 1421 1020 quod
1453 975 1620 1007 coram
1652 960 1848 1007 adules-

151 1033 373 1082 centibus
412 1033 662 1081 laudanda
701 1033 861 1081 Ulixis
895 1034 1088 1082 ratione
1121 1033 1278 1095 plebis
1317 1035 1582 1095 imperium
1621 1049 1848 1082 eversum

150 1107 325 1168 iverat,
350 1109 392 1155 si
415 1107 535 1155 fides
559 1107 787 1154 habenda
812 1110 885 1156 est
909 1107 1202 1156 scholiastae
1228 1107 1291 1155 ad
1314 1107 1518 1155 Aristid.
1545 1108 1603 1155 de
1626 1107 1700 1155 IV
1724 1107 1848 1156 viris

151 1183 274 1229 orat.
307 1184 342 1228 t.
375 1181 455 1228 III
492 1198 540 1243 p.
567 1182 675 1229 480
701 1181 847 1229 Dind.
872 1175 982 1229 v0268
1014 1179 1099 1229 τὸν
1130 1180 1370 1245 Σωκράτη
1402 1180 1525 1247 πρὸς
1556 1180 1671 1240 τοὺς
1701 1180 1850 1240 νέους

151 1252 225 1303 ἀεὶ
266 1254 352 1303 τὸν
380 1250 616 1303 Ὀδυσσέα
653 1255 975 1318 θαυμάζοντα
1015 1254 1096 1304 διὰ
1135 1254 1227 1319 τὴν
1265 1254 1500 1319 τοιαύτην
1539 1257 1741 1320 πρᾶξιν.
1779 1253 1849 1315 ὡς

154 1328 475 1394 Πολυκράτης
492 1327 545 1377 ἐν
563 1333 629 1396 τῷ
654 1322 759 1377 κατ’
782 1328 933 1378 αὐτοῦ
960 1329 1086 1397 λόγῳ
1110 1327 1236 1392 φησὶ
1251 1327 1334 1377 καὶ
1350 1329 1546 1388 Λυσίας
1564 1327 1615 1377 ἐν
1640 1334 1703 1397 τῷ
1722 1328 1849 1394 πρὸς

154 1402 480 1469 Πολυκράτην
511 1399 634 1467 ὑπὲρ
666 1403 834 1466 αὐτοῦ,
869 1400 894 1451 ὅ
921 1400 1008 1467 μὲν
1034 1410 1276 1452 συνιστῶν
1301 1402 1373 1451 ὅτι
1397 1402 1487 1467 τὴν
1513 1403 1848 1467 δημοκρατίαν

151 1475 204 1525 ἐκ
238 1476 416 1526 τούτου
453 1477 712 1526 καταλύειν
744 1476 971 1542 ἐπεχείρει
1002 1476 1219 1526 ἐπαινῶν
1251 1476 1337 1527 τὸν
1364 1471 1599 1526 Ὀδυσσέα
1630 1482 1731 1536 τοῖς
1755 1475 1844 1540 μὲν

152 1551 404 1615 βασιλεῦσι
428 1558 766 1617 παραινοῦντα
789 1550 932 1616 λόγω,
950 1551 1065 1611 τοὺς
1090 1548 1142 1600 δὲ
1168 1551 1363 1610 ἰδιώτας
1389 1552 1645 1615 τύπτοντα,
1669 1549 1730 1615 <ὁ
1757 1548 1845 1616 δὲ>

152 1623 333 1673 οὐδένα
373 1618 486 1691 (pro
526 1623 674 1674 οὐδὲν
715 1626 882 1673 Hirzel
947 1623 1097 1691 λέγων
1138 1625 1415 1690 φροντίζειν
1462 1628 1645 1689 μᾶλλον
1692 1624 1845 1675 αὐτοῦ

152 1705 238 1761 τῆς
276 1698 467 1758 τάξεως.
515 1700 752 1748 Libanius
793 1716 909 1749 vero
949 1700 1177 1748 variandi
1216 1700 1381 1748 studio
1425 1701 1600 1749 ductus
1636 1717 1740 1748 rem
1771 1701 1846 1747 ita

152 1774 360 1821 invertit
399 1776 457 1821 ut
494 1789 653 1835 neque
692 1774 892 1837 Anytus
931 1791 1088 1836 neque
1130 1774 1355 1823 Socrates
1402 1774 1486 1823 sed
1533 1776 1701 1822 orator
1738 1777 1844 1836 ipse

152 1847 241 1895 hos
275 1862 429 1909 aeque
470 1850 619 1910 atque
661 1848 783 1897 alios
823 1864 992 1897 versus
1024 1849 1243 1910 proferat
1275 1851 1324 1896 et
1355 1852 1530 1910 poetae
1562 1848 1635 1896 ita
1668 1864 1843 1911 oppro-

153 1921 262 1968 brio
288 1921 385 1983 det,
402 1925 462 1969 ut
486 1937 535 1969 se
565 1922 766 1983 quidem
792 1923 983 1970 nullum
1007 1939 1193 1985 poenae
1218 1923 1492 1985 periculum
1516 1922 1678 1970 subire
1702 1937 1845 1984 posse

154 1994 446 2057 profiteatur
478 1990 548 2062 (p.
584 1997 667 2057 66,
688 1998 717 2043 2
738 1989 848 2061 sq.).

267 2069 402 2126 Quae
444 2085 522 2117 res
554 2069 696 2117 docet
727 2069 995 2118 Libanium
1024 2086 1123 2118 non
1155 2071 1400 2118 serviliter
1431 2070 1707 2132 Polycratis
1739 2085 1843 2118 ves-

154 2142 280 2206 tigia
303 2143 555 2205 pressisse,
585 2159 710 2204 quae
735 2145 835 2192 fuit
855 2145 1022 2206 opinio
1042 2146 1269 2192 virorum.
1285 2145 1556 2204 doctorum,
1580 2148 1845 2206 postquam

155 2215 438 2266 Ludovicus
478 2211 744 2284 Dindorf2)
783 2220 995 2280 primus:
1037 2219 1244 2267 Libanii
1273 2220 1439 2280 inquit
1481 2219 1704 2279 apoloyz'a
1744 2219 1845 2278 fere

156 2295 437 2339 conservata
470 2295 538 2339 est
564 2292 847 2340 declamatio
870 2293 1141 2354 Polycratis
1172 2295 1222 2340 et
1244 2293 1393 2354 paulo
1418 2295 1531 2354 post
1558 2291 1768 2340 Cobetus
1779 2285 1844 2358 3):

156 2364 403 2413 Libaozius
448 2367 572 2413 nihil
617 2366 760 2419 aliud
802 2381 950 2426 quam
988 2367 1255 2428 Polycratis
1293 2365 1384 2430 τὴν
1423 2373 1509 2414 τοῦ
1548 2365 1845 2429 Σωκράτους

153 2435 425 2503 ἀπολογίαν
459 2441 641 2498 refutat
677 2440 844 2500 edixit,
877 2441 974 2503 sed,
1015 2442 1101 2502 qui
1130 2441 1227 2488 fuit
1257 2440 1362 2488 eius
1391 2455 1513 2501 mos,
1543 2440 1693 2501 paulo
1724 2440 1844 2488 libe—

156 2513 261 2560 rius
300 2516 550 2561 versatum
591 2529 715 2575 esse,
755 2516 849 2563 etsi
879 2530 978 2562 non
1012 2530 1068 2562 eo
1101 2514 1442 2576 procedemus,
1480 2517 1538 2562 ut
1576 2515 1728 2562 etiam
1766 2528 1843 2561 res

157 2586 407 2648 graviores
440 2587 501 2635 ab
535 2603 590 2635 eo
622 2587 762 2636 fictas
803 2591 853 2636 et
885 2588 1188 2651 excogitatas
1229 2603 1332 2636 esse
1365 2603 1476 2636 cum
1511 2587 1704 2652 Roggio
1735 2604 1782 2649 p.
1811 2587 1841 2634 8

157 2662 448 2749 statuamus,

279 2787 320 2839 1)
352 2788 391 2828 Ε
420 2786 573 2831 verbis
604 2787 718 2843 ipsis
751 2800 977 2843 apparere
1008 2788 1057 2831 in
1089 2788 1176 2831 hoc
1209 2787 1401 2832 crimine
1432 2787 1680 2831 refutando
1705 2786 1844 2830 Liba-

160 2842 290 2886 nium
322 2858 346 2887 e
378 2844 689 2902 Xenophonte
718 2847 924 2902 pendere
955 2846 1128 2891 iniuria
1159 2846 1366 2903 Roggius
1399 2861 1442 2902 p.
1470 2851 1495 2890 8
1529 2844 1782 2890 contendit.

278 2905 322 2958 2)
353 2903 518 2960 Xenop
521 2904 564 2948 h.
597 2905 735 2949 Mem
768 2905 889 2950 Scor.
924 2906 1091 2950 Oxonii
1125 2910 1237 2949 1862
1269 2905 1414 2962 praef.
1448 2920 1492 2961 p·
1519 2905 1679 2949 XXIV.

279 2963 322 3017 3)
354 2961 522 3007 Mnem.
556 2963 612 3008 N.
631 2963 680 3008 S.
708 2964 770 3007 111
800 2979 845 3020 p.
873 2969 971 3008 156.

1435 3038 1486 3080 l*
