2054 3192
276 138 379 190 136
753 135 982 181 LIBANJI
1011 135 1401 182 DECLAMATIO
1434 137 1476 180 Π

272 272 567 343 δυστυχέσι
600 271 690 326 καὶ
723 281 989 342 πονηροῖς
1029 272 1213 336 ἀδείας
1246 273 1633 343 στερούμενος;
1676 273 1758 324 18.
1793 273 1959 342 φύσει

268 358 371 430 μὲν
408 362 513 429 γὰρ
554 362 856 430 ἄνθρωπος
896 361 1082 430 λάλον,
1122 362 1183 414 τὸ
1225 357 1287 414 δὲ
1318 359 1624 430 Ἀθηναίων
1670 359 1830 428 γένος
1868 379 1960 428 φι-

268 452 505 518 λόλογόν
542 469 600 503 τε
639 450 727 503 καὶ
765 451 1099 518 πολύλογον,
1139 449 1272 503 ὅταν
1311 449 1374 502 δὲ
1409 448 1678 518 ὑπόγυιος
1715 449 1960 511 θάνατος

181 543 283 587 Mor
298 560 343 601 p.
363 548 447 588 222
485 536 489 610 Ι
533 532 591 610 ᾖ,
637 539 729 591 καὶ
777 540 1071 608 φιλολαλία
1109 558 1192 600 τις
1231 538 1496 607 λαμβάνει
1546 535 1638 591 καὶ
1677 538 1960 606 φιλοτιμία

223 635 242 666 5
266 635 368 681 τοῦ
405 628 584 681 πολλὰ
622 627 724 694 μὲν
756 626 1006 696 ἀκοῦσαι,
1045 627 1222 680 πολλὰ
1254 623 1316 679 δὲ
1347 628 1523 680 εἰπεῖν
1555 627 1629 689 ὡς
1661 625 1730 680 ἂν
1766 627 1960 679 αὐτίκα

265 715 579 786 παυομένης
640 716 841 784 ταύτης
901 723 998 784 τῆς
1059 714 1321 779 ἐξουσίας.
1407 715 1794 784 ἀνεπίφθονον
1854 716 1958 783 γὰρ

269 807 444 858 εἰπεῖν
484 805 587 858 ὅσα
626 806 883 874 βούλεται
923 804 1196 874 μέλλοντά
1245 824 1308 872 γε
1356 804 1530 867 εὐθὺς
1576 804 1958 872 σιωπήσεσθαι

266 895 481 962 σιωπὴν
518 893 746 962 μακράν.

380 984 462 1035 19.
498 980 553 1035 Ὁ
594 983 662 1035 δὲ
700 981 1127 1052 περιμενέτω,
1175 985 1338 1050 φησί,
1385 983 1455 1034 τὸ
1502 983 1807 1050 κώνειον,
1853 981 1958 1034 καὶ

199 1093 242 1124 10
266 1073 384 1140 γὰρ
445 1070 822 1142 Θηραμένης
875 1070 1166 1124 ἀπέθανε
1221 1079 1438 1140 σιγῶν.
1522 1069 1658 1123 ἀλλὰ
1708 1069 1959 1132 κάκεῖνος

267 1158 353 1213 ἐπὶ
407 1168 503 1228 τῆς
557 1163 918 1229 βουλευτικῆς
981 1158 1159 1222 ἑστίας
1218 1160 1395 1212 πολλὰ
1446 1161 1717 1230 πρότερον
1773 1160 1958 1212 εἰπών.

266 1248 400 1302 οὐδὲ
439 1248 527 1302 ἐπὶ
565 1256 662 1317 τῆς
694 1248 1014 1319 ὀλιγαρχίας
1044 1250 1288 1301 πιόντων
1317 1249 1551 1301 κώνειον
1581 1249 1959 1301 πεντακοσίων

176 1343 277 1387 Mor
292 1358 337 1399 p.
357 1347 443 1387 224
476 1338 675 1407 σχεδὸν
715 1336 801 1390 ἐπὶ
838 1339 1051 1407 χιλίοις,
1090 1333 1169 1390 ὧν
1199 1336 1360 1390 ἕνεκα
1391 1337 1724 1407 Σωκράτους
1767 1341 1776 1402 Ι
1826 1333 1958 1390 οὐδὲ

267 1419 345 1489 εἷς
385 1425 685 1495 ἀπέθανεν,
726 1425 814 1479 ε’πὶ
853 1425 1070 1479 Λέοντα
1107 1427 1211 1494 γὰρ
1259 1424 1536 1495 πεμφθεὶς
1580 1426 1680 1479 τὸν
1719 1426 1958 1492 Σαλαμί-

201 1537 242 1569 15
267 1535 393 1568 νιον
432 1515 698 1568 ἀπελθεῖν
737 1515 840 1568 οὐκ
877 1514 1153 1584 ἠθέλησεν
1191 1512 1322 1568 οὐδὲ
1368 1511 1465 1583 ἦγε
1510 1523 1627 1577 τοῖς
1664 1514 1960 1584 τυράννοις

266 1605 572 1674 ἄνθρωπον
612 1603 1078 1671 ἀποθανούμενον
1117 1603 1146 1656 ὁ
1186 1611 1295 1657 νῦν
1332 1603 1733 1672 τεθνηξόμενος
1779 1598 1957 1670 οὗτος,

265 1694 552 1747 τοσούτων
590 1689 694 1746 οὖν
732 1692 1047 1762 γενομένων
1077 1702 1189 1746 τῶν
1220 1695 1341 1746 τότε
1372 1692 1740 1746 ἀπολωλότων
1781 1699 1956 1761 σιωπῇ

263 1783 323 1835 τὸ
365 1783 659 1851 φάρμακόν
699 1796 837 1851 φασι
882 1790 1031 1834 πιεῖν
1083 1780 1304 1850 μηδένα.
1380 1783 1513 1850 μήτε
1559 1781 1665 1850 γὰρ
1714 1779 1956 1849 φθέγξα-

263 1875 398 1923 σθαι
429 1871 563 1938 μήτε
601 1871 992 1941 μαρτύρασθαι
1031 1871 1138 1940 πρὸ
1177 1878 1273 1939 τῆς
1310 1874 1564 1938 τελευτῆς
1595 1865 1733 1938 μηδὲ
1765 1869 1827 1921 ἓν
1857 1889 1955 1937 μη-

196 1980 238 2012 20
265 1958 396 2011 δένα
436 1958 501 2011 οὐ
542 1959 928 2028 Δρακοντίδης
968 1958 1268 2026 ἐκέλευσεν,
1308 1958 1373 2012 οὐ
1408 1961 1649 2025 Πείσων,
1689 1957 1756 2010 οὐ
1790 1960 1955 2026 Χαρι-

261 2050 410 2116 κλῆς,
452 2047 553 2100 οὐκ
593 2048 759 2110 ἄλλος
798 2047 997 2100 αὐτῶν.
1075 2047 1159 2099 20.
1194 2047 1479 2115 Σωκράτει
1512 2043 1573 2099 δὲ
1603 2047 1779 2117 τούτῳ
1812 2048 1954 2099 πολὺ

263 2135 656 2204 σχετλιώτερον
696 2135 1000 2188 ἐπιτάττετε
1038 2145 1151 2189 τῶν
1197 2134 1258 2188 ἐν
1304 2143 1368 2205 τῇ
1416 2135 1715 2205 πικροτάτῃ
1755 2153 1951 2202 τυραν-

382 2314 406 2353 2
439 2309 558 2353 Plat.
593 2310 683 2367 leg.
717 2309 737 2352 Ι
768 2325 813 2367 p.
841 2315 924 2354 641
945 2311 985 2354 A
1106 2316 1131 2354 3
1164 2310 1301 2354 Isocr.
1335 2325 1380 2366 p.
1408 2314 1493 2353 310
1512 2310 1562 2364 ἃς
1596 2308 1730 2352 418b
1852 2313 1876 2352 6
1911 2307 1961 2353 cf

262 2370 293 2412 t.
320 2368 384 2411 III
415 2374 516 2424 443,
537 2373 604 2413 10.
636 2369 767 2413 Dem.
801 2385 845 2426 p.
872 2374 972 2425 331,
991 2373 1047 2413 23
1178 2374 1230 2414 11
1271 2369 1385 2413 Xen.
1411 2368 1533 2412 Hell.
1558 2368 1601 2411 H
1625 2373 1666 2424 3,
1685 2372 1753 2412 52.
1786 2367 1953 2412 Aesch.

261 2427 367 2471 fals.
399 2426 489 2484 leg.
526 2434 549 2482 ἓ
579 2432 635 2472 45
667 2443 712 2484 p.
740 2432 808 2484 34,
828 2433 853 2471 9
1000 2434 1053 2472 12
1094 2429 1259 2472 Aesoh.
1293 2427 1412 2472 Ctzes.
1446 2443 1489 2484 p.
1517 2431 1587 2482 87,
1605 2432 1659 2470 21
1807 2431 1862 2470 14
1894 2425 1951 2469 cf.

261 2501 307 2543 p.
335 2490 435 2541 120,
454 2491 508 2530 10
632 2491 688 2530 20
722 2487 779 2531 cf.
812 2503 856 2544 p.
883 2492 1020 2544 4⁷‚93
1053 2490 1085 2531 ι.
1112 2487 1154 2530 11
1180 2492 1352 2543 134,15

384 2654 404 2691 1
440 2648 519 2692 καὶ
550 2648 675 2692 inser
699 2651 788 2694 Ma
811 2663 858 2692 m
888 2663 966 2693 rec
1087 2654 1112 2692 2
1139 2649 1225 2706 γὰρ
1252 2664 1326 2694 om
1352 2650 1442 2693 Ma
1469 2651 1474 2705 Ι
1503 2645 1749 2705 φιλολόγοι]
1781 2648 1827 2690 Β
1851 2647 1953 2692 Mor

382 2711 407 2750 3
439 2706 697 2765 πολυλόγον
721 2707 822 2752 Mor
850 2710 855 2764 Ι
883 2706 1089 2764 ὑπόγυος
1114 2711 1203 2753 Μα
1263 2706 1466 2764 ὑπόγνος
1490 2709 1535 2751 Β
1656 2712 1683 2750 4
1708 2705 1953 2762 φιλολαλιά

264 2767 400 2811 ΜαΒ
521 2772 546 2809 9
579 2766 659 2809 καὶ
683 2766 790 2824 γὰρ]
817 2767 925 2811 οὐδὲ
953 2769 1041 2811 Μα
1164 2772 1218 2811 13
1243 2765 1401 2824 χιλίων
1428 2767 1563 2810 ΜαΒ
1591 2768 1597 2823 Ι
1625 2764 1762 2810 ἕνεκα
1787 2765 1951 2822 scripsi

262 2825 517 2869 secundum
547 2840 684 2868 usum
716 2825 901 2869 Libanii
962 2825 1117 2871 εἵνεκα
1149 2825 1258 2869 libri
1289 2826 1392 2869 Mor
1426 2826 1432 2884 Ι
1476 2823 1711 2880 σωκράτης
1743 2825 1834 2868 Μα

263 2888 317 2927 15
342 2879 424 2941 ἦγε
448 2883 531 2940 μὲν
549 2885 638 2928 Μα
760 2889 814 2928 16
839 2883 980 2936 αὐτός
998 2887 1086 2930 Μα
1209 2889 1262 2928 17
1289 2884 1335 2930 δ’
1363 2882 1448 2929 οὖν
1474 2885 1564 2928 Μα
1685 2887 1739 2927 18
1765 2881 1949 2939 μηθένα

264 2943 352 2986 Μα
477 2947 529 2986 19
555 2942 614 2999 μὴ
641 2941 691 2986 δὲ
720 2943 855 2988 ΜαΒ
977 2948 1033 2987 20
1058 2944 1112 2989 οὐ
1132 2946 1191 3001 (3)
1218 2957 1294 2987 om
1311 2945 1374 2988 M
1491 2947 1543 2985 22
1577 2941 1867 2986 ἐπιτάττεται
1893 2943 1955 2986 M
