2026 3192
219 134 329 187 514
693 133 920 177 LIBANII
952 133 1342 179 DECLAMATIO
1375 134 1436 179 XI

218 278 387 323 ταῦτα
435 270 494 323 ἐν
541 271 675 339 ὑμῖν
721 268 883 338 λέγω,
939 271 1050 323 ἔδει
1097 271 1199 340 γὰρ
1250 270 1424 333 εὐθὺς
1464 269 1542 324 ἐπ’
1592 270 1802 339 ἐκείνης
1847 291 1914 341 με

218 367 313 427 τῆς
368 358 653 427 ἐκκλησίας
708 358 949 427 ἐμαυτὸν
996 358 1341 412 ἀντιδοῦναι·
1399 359 1514 412 ἐπεὶ
1568 357 1629 413 δὲ
1685 361 1736 413 οἱ
1791 360 1912 413 τότε
1964 416 1967 420 ,

219 447 524 517 ἐγκείμενοι
562 454 638 520 τῷ
677 449 842 518 πατρὶ
888 449 977 501 καὶ
1025 447 1429 517 παροξύνοντες
1475 449 1616 518 ὑμᾶς
1660 448 1750 502 καὶ
1797 459 1913 511 τοῖς

219 536 320 590 οὐκ
368 535 742 606 ὀργιζομένοις
788 536 1142 606 ἐπιτιμῶντες
1188 538 1288 590 οὐκ
1336 535 1548 590 ἔδωκαν
1595 539 1727 606 ἡμῖν
1771 539 1913 591 ἰδεῖν

96 655 98 663 ·
175 648 194 680 5
220 625 248 678 ὅ
273 645 326 678 τι
358 634 650 696 ποιοῦντες
683 625 943 695 ἀμείνους
975 625 1045 679 ἂν
1069 631 1274 695 εἴημεν,
1298 635 1403 679 νῦν
1429 647 1490 694 γε
1523 626 1790 680 ἀκούσατε
1821 627 1912 679 καὶ

219 716 344 768 δότε
394 716 495 783 τὴν
541 715 703 785 χάριν
749 713 840 767 καὶ
887 716 1204 784 βοηθήσατε
1244 714 1316 767 δι’
1362 714 1497 784 ἐμοῦ
1537 722 1611 788 τῷ
1653 717 1914 784 δυστυχεῖ

218 804 513 873 Μιλτιάδῃ.
558 805 605 855 6.
646 797 689 874 ᾧ
728 805 1131 871 παρεκαθήμην
1169 800 1271 870 μὲν
1304 805 1602 873 δακρύοντι
1636 805 1912 874 δακρύων,

218 902 496 946 σιωπῶντι
528 895 729 960 λαλῶν,
770 890 961 960 ἔλεγον
994 891 1076 944 δέ·
1118 889 1159 945 ὦ
1199 893 1423 963 πάτερ,
1465 889 1616 946 οἴδα
1655 893 1771 960 μέν
1809 908 1913 946 σοι

218 983 487 1051 χάριτας
519 981 806 1049 ὀφείλων
845 989 959 1034 τοῦ
993 989 1222 1050 φῦναι,
1262 989 1375 1034 τοῦ
1408 990 1763 1052 τραφῆναι,
1803 989 1914 1050 τῆς

153 1093 195 1125 1ο
220 1073 417 1139 ἄλλης
465 1070 836 1138 ἐπιμελείας
883 1067 1081 1123 οὐδὲν
1129 1071 1539 1140 φαυλοτέρας
1586 1079 1696 1139 τῆς
1745 1072 1915 1141 παρὰ

218 1169 344 1213 τῶν
383 1161 599 1213 ἄλλων
639 1161 732 1222 εἰς
769 1161 922 1221 τοὺς
963 1158 1024 1222 ἐξ
1066 1158 1338 1227 ἑαυτῶν,
1378 1159 1595 1229 ἀπορῶ
1638 1157 1705 1213 δὲ
1745 1161 1916 1223 ὅπως

218 1249 297 1301 ἂν
337 1248 739 1318 ἐπαμύνοιμί
775 1262 892 1301 σοι.
933 1250 1101 1317 παρὰ
1148 1250 1293 1301 τίνα
1334 1250 1453 1318 γὰρ
1503 1251 1695 1319 §afim
1744 1250 1914 1318 παρὰ

219 1341 400 1400 τίνος
449 1339 711 1407 αἰτήσω,
766 1340 865 1400 τίς
913 1338 1106 1390 δώσει
1153 1340 1559 1406 πεντήκοντα
1608 1338 1914 1407 τάλαντα;

219 1429 429 1495 πόσην
468 1428 545 1479 ἄν
584 1447 681 1489 τις
719 1429 1037 1494 καταθείη
1077 1427 1323 1496 τούμοῦ
1368 1428 1660 1496 σώματος
1699 1429 1914 1496 τιμήν;

153 1537 195 1570 15
220 1517 300 1578 ὡς
339 1513 560 1585 ἔμοιγε
600 1515 705 1568 καὶ
737 1520 1115 1584 πεπρᾶσθαι
1147 1515 1403 1584 κέρδος,
1445 1521 1594 1568 εἴτι
1627 1525 1752 1568 τῶν
1785 1525 1914 1568 σῶν

220 1606 493 1658 δύναιτο
549 1612 744 1658 τοῦτο
802 1604 1286 1674 ἐπανορθῶσαι·
1341 1608 1406 1657 τί
1456 1604 1618 1672 λέγω
1672 1612 1913 1675 πεπρᾶ-

129 1699 352 1743 RIV338
402 1699 579 1763 σθαι,
615 1691 621 1764 Ι
664 1694 984 1746 τεθνάναι
1015 1694 1322 1763 μυριάκις
1354 1691 1666 1762 δεξαίμην
1697 1693 1774 1746 ἂν
1807 1691 1913 1746 ἐπὶ

219 1784 495 1853 τοιούτῳ
550 1788 773 1854 μισθῷ.
835 1780 926 1835 καὶ
982 1783 1092 1851 ἅμα
1145 1802 1202 1835 τε
1257 1782 1596 1851 ὀδυρόμενος
1652 1782 1914 1850 ἐνενόησα

220 1880 382 1925 τοῦτο
425 1871 453 1924 ὃ
494 1879 602 1924 νῦν
641 1880 780 1924 ποιῶ
821 1870 912 1924 καὶ
951 1872 1087 1940 πρὸς
1125 1871 1298 1924 αὐτὸν
1337 1864 1493 1925 εἶπον
1534 1872 1606 1933 ὡς
1649 1868 1734 1940 ἐφ’
1773 1871 1915 1938 ὑμᾶς

153 1984 198 2015 20
220 1958 627 2028 καταφεύξομαι
666 1958 756 2012 καὶ
796 1960 919 2029 περὶ
961 1961 1179 2028 δεσμῶν
1218 1958 1559 2029 διαλέξομαι,
1601 1958 1692 2012 καὶ
1733 1955 1913 2025 οἶμαι

219 2051 475 2102 πείσειν
531 2051 686 2117 ἔφην.
759 2049 804 2100 7⁶.
857 2048 884 2101 ὁ
929 2046 1031 2117 μὲν
1086 2045 1190 2102 οὖν
1244 2050 1508 2102 διεκώλυε
1563 2057 1663 2102 τοῦ
1717 2048 1914 2110 παιδὸς

223 2139 568 2207 φειδόμενος,
608 2138 712 2206 ἐγὼ
747 2138 809 2190 δὲ
840 2138 988 2209 αὐτῷ
1019 2139 1197 2209 τούτῳ
1229 2142 1441 2207 μᾶλλον
1471 2138 1913 2207 παρεκαλούμην,

344 2289 396 2327 13
431 2283 538 2328 Her.
564 2283 627 2326 VI
654 2287 750 2327 136.
786 2282 916 2327 Corn.
950 2283 1067 2339 Nep.
1102 2283 1221 2326 Milia.
1251 2288 1289 2337 7,
1308 2288 1333 2326 6

344 2423 365 2460 1
402 2416 484 2474 μὲν
509 2417 553 2460 L
586 2417 667 2460 sed
691 2415 742 2461 ’ν
774 2417 868 2460 add
898 2416 980 2470 111²,
1014 2417 1116 2459 Mor
1259 2422 1283 2460 3
1323 2416 1445 2472 ἡμᾶς
1478 2417 1534 2459 Vi
1669 2422 1695 2459 4
1734 2415 1846 2471 ἡμῖν
1869 2415 1912 2458 L

224 2477 304 2519 sed
337 2476 399 2532 ἡμ
429 2477 478 2519 in
510 2491 585 2519 ras
617 2476 686 2518 m²
747 2476 856 2532 ὑμῖν
880 2477 989 2520 Lau
1133 2480 1158 2518 5
1192 2474 1263 2519 ὅτι
1297 2477 1353 2520 Vi
1497 2480 1519 2518 7
1553 2474 1804 2531 δακρύοντι
1837 2488 1911 2517 om

225 2535 325 2579 Mor
392 2550 501 2578 num
537 2535 664 2594 <οὐ>
698 2535 980 2590 δακρύοντιῖ
1135 2539 1158 2578 9
1192 2534 1274 2584 τὰς
1306 2536 1414 2577 ante
1445 2534 1639 2591 χάριτας
1662 2535 1771 2578 Lau

227 2599 280 2638 10
313 2595 419 2649 περὶ
451 2595 509 2638 Vi
650 2599 702 2637 11
738 2593 926 2648 ἀπορῶν
962 2595 1017 2637 Vi
1153 2598 1206 2636 12
1240 2593 1519 2650 ἐπαμύνοιμι
1555 2593 1718 2649 scripsi
1750 2606 1773 2636 e
1809 2593 1911 2637 ViB

225 2654 333 2698 Lau
403 2653 690 2709 ἐπαμύναιμι
714 2654 757 2696 L
791 2653 872 2696 sed
905 2670 954 2696 αι
986 2653 1035 2695 111
1066 2666 1141 2695 ras
1173 2652 1257 2707 m²‚
1282 2653 1425 2696 Iedd
1461 2653 1466 2710 Ι
1509 2655 1550 2706 (1
1579 2654 1626 2695 et
1650 2654 1692 2708 2)
1717 2651 1823 2706 περὶ
1857 2652 1912 2696 Vz

346 2716 400 2754 14
431 2713 548 2768 τούμ
551 2719 604 2755 οῦ
635 2711 820 2768 reposui
846 2725 870 2755 e
905 2713 1054 2755 ViBL
1129 2718 1210 2755 τοῦ
1245 2727 1334 2766 μου
1357 2713 1497 2755 ILau
1529 2711 1619 2754 edd
1685 2717 1766 2755 τοῦ
1800 2709 1911 2766 ἐμοῦ

227 2769 381 2814 Gasda
526 2776 580 2814 15
622 2771 773 2827 ἔμοιγε
805 2771 971 2826 scripsi
1002 2773 1190 2814 auctore
1221 2771 1289 2814 Re
1363 2770 1464 2826 ἐμοὶ
1496 2769 1548 2814 δὲ
1578 2770 1687 2813 libri
1712 2769 1802 2812 edd
1830 2772 1836 2825 Ι
1865 2771 1912 2812 et

229 2834 281 2872 16
322 2833 597 2902 πεπρᾶσθαι
636 2829 801 2885 scripsi
834 2845 857 2873 e
892 2831 949 2872 Vz·
1030 2829 1306 2884 πεπράσθαι
1336 2829 1507 2884 reliqui
1538 2829 1648 2872 libri
1679 2828 1770 2872 edd

228 2893 281 2931 16
314 2889 394 2932 καὶ
417 2886 462 2932 τί
495 2888 598 2932 coni
624 2888 780 2932 Gasda
927 2893 979 2931 17
1013 2886 1073 2933 ἂν
1106 2902 1180 2931 om
1212 2888 1314 2931 Mor
1459 2892 1513 2932 18
1543 2904 1592 2932 τε
1623 2887 1788 2943 scripsi
1860 2902 1910 2942 γε

226 2947 333 2990 libri
367 2947 458 2990 edd
579 2953 631 2990 21
668 2963 751 3002 μεν
783 2945 886 3004 οὖν]
920 2948 970 2991 δὲ
998 2948 1042 2990 Β
