2054 3192
570 128 795 172 LIBANII
826 127 1129 173 APOLOGIA
1162 127 1448 172 SOCRATIS
1778 129 1848 181 23

155 263 255 335 μὲν
295 265 466 318 αὑτὸν
505 265 736 327 οὐδενὸς
776 265 1026 332 οὐδαμοῦ
1059 264 1377 333 προσειπὼν
1414 264 1545 317 οὐδὲ
1578 263 1848 335 ἀργύριον

155 352 510 423 πραξάμενος,
543 353 616 416 ὡς
648 353 676 406 ὁ
709 354 903 422 μιαρὸς
943 355 1234 422 σοφιστής,
1269 352 1329 406 ἐν
1369 350 1428 406 δὲ
1467 361 1542 426 τῷ
1574 350 1716 424 τοῖςῐ
1773 358 1935 401 ΒΠΙἿ

154 442 511 511 πλησιάζουσι
546 440 919 506 συνεξετάζειν
951 442 1052 510 τὴν
1077 439 1307 495 ἑκάστου
1332 442 1649 512 πράγματος
1673 441 1848 510 φύσιν

154 531 252 584 τὸν
306 533 433 599 βίον
486 532 856 600 ποριζόμενος.
936 530 1020 582 17.
1075 529 1164 583 καὶ
1227 538 1400 583 ταῦτα
1462 533 1726 599 ἔπραττεν
1781 531 1847 583 οὐ

152 623 375 672 πολλῶν
435 620 923 688 κεκληρονομηκὼς
983 619 1268 672 ταλάντων
1330 616 1461 672 οὐδὲ
1526 627 1621 687 τῆς
1682 615 1849 672 ἔνδον

154 708 302 779 αὐτῷ
335 710 657 778 περιουσίας
687 709 1031 778 παρεχούσης
1063 706 1138 761 ἐπ’
1179 707 1362 761 ἐκεῖνα
1394 710 1612 777 σχολήν.
1651 707 1849 776 ὀγδοή-

153 817 322 850 κοντα
370 798 499 866 γάρ,
548 794 589 850 ὦ
638 798 858 866 ἄνδρες,
906 805 1045 865 μνᾶς
1093 797 1240 868 αὐτῷ
1286 804 1388 850 τοῦ
1426 797 1647 867 πατρός,
1686 796 1848 865 ἡνίκα

154 885 421 954 ἐτελεύτα,
460 887 806 956 παραδόντος
844 884 935 939 καὶ
983 887 1182 948 ταύτας
1228 883 1522 954 ἡλικιώτου
1570 886 1722 947 τινὸς
1768 882 1842 938 ἐπί

154 972 383 1045 ἐργασίᾳ
423 977 691 1043 λαβόντος
730 972 914 1028 ἔπειτα
951 975 1076 1045 περὶ
1116 975 1217 1043 τὴν
1250 974 1513 1044 ἐργασίαν
1543 973 1848 1043 ἀτυχήσαν-

151 1082 244 1126 τος
285 1071 411 1134 σιγῇ
450 1064 512 1116 τὸ
554 1065 774 1133 συμβὰν
811 1066 1044 1133 ἤνεγκεν
1083 1063 1112 1116 ὁ
1154 1064 1468 1133 Σωκράτης.
1507 1061 1598 1116 καὶ
1637 1067 1848 1132 μᾶλλον

152 1152 222 1204 ἄν
268 1172 351 1214 τις
400 1162 513 1205 τῶν
551 1154 623 1221 μὴ
663 1152 985 1222 προεμένων
1023 1153 1084 1206 τὸ
1126 1152 1399 1223 ἀργύριον
1438 1150 1688 1221 ἐμνήσθη
1722 1150 1848 1222 περὶ

151 1241 352 1293 τούτου
392 1240 424 1309 ἢ
458 1242 623 1304 αὐτὸς
655 1241 683 1294 ὁ
719 1242 987 1304 δεδωκώς.
1026 1241 1223 1294 λοιπὸν
1255 1236 1361 1293 οὖν
1391 1238 1461 1309 ἦν
1494 1244 1589 1310 ζῆν
1622 1240 1683 1295 ἐν
1713 1240 1848 1310 ἀμυ-

150 1330 304 1401 θήτῳ
351 1333 528 1400 πενία.
610 1330 692 1382 18.
730 1332 788 1383 τί
830 1325 934 1383 οὖν
981 1330 1260 1400 ἐποίησεν,
1316 1329 1383 1382 οὐ
1433 1329 1693 1398 μετέβαλε
1746 1331 1848 1398 τὴν

150 1418 322 1485 τάξιν,
363 1417 548 1486 ἐπειδὴ
589 1427 701 1472 τῶν
740 1418 1009 1490 ἀφορμῶν
1049 1418 1322 1489 ἐστέρητο,
1365 1417 1484 1472 οὐδ’
1525 1416 1685 1490 ᾠήθη
1728 1421 1849 1472 δεῖν

150 1505 335 1575 ἕτερος
375 1507 435 1560 ἐν
475 1506 680 1577 ἑτέροις
711 1507 976 1576 γενέσθαι
1009 1517 1238 1578 καιροῖς,
1279 1506 1392 1560 ἀλλ’
1430 1507 1692 1578 ἐτήρησεν
1732 1507 1847 1561 ἀκί-

152 1615 322 1662 νητον
367 1597 469 1665 τὴν
514 1598 741 1665 γνώμην
789 1598 880 1650 διὰ
926 1596 1118 1659 τέλους
1166 1597 1334 1665 οὔσης
1382 1596 1530 1668 αὐτῷ
1585 1597 1848 1664 γυναικὸς

150 1684 241 1737 καὶ
279 1685 509 1738 παίδων.
566 1684 689 1738 ἀντὶ
735 1687 840 1756 γὰρ
888 1693 989 1739 τοῦ
1039 1688 1214 1754 ζητεῖν
1262 1685 1523 1755 εὐπορίας
1570 1685 1636 1738 οὐ
1679 1686 1847 1748 καλὰς

271 1879 295 1918 2
328 1874 446 1919 Plat.
481 1875 601 1932 apol.
635 1891 679 1932 p.
709 1880 762 1919 19
780 1875 834 1920 D.
876 1876 990 1920 Xen.
1025 1890 1188 1920 comm.
1221 1875 1242 1918 I
1274 1880 1358 1930 2‚5
1504 1879 1531 1918 4
1571 1874 1689 1919 Plan
1723 1874 1845 1930 apol.

149 1948 193 1989 p.
214 1938 269 1976 23
286 1934 345 1987 B3
380 1937 434 1977 38
452 1934 489 1977 B
508 1949 574 1991 sq.
699 1941 725 1979 5
752 1935 808 1979 cf.
835 1950 879 1992 p.
900 1940 970 1991 87,
990 1940 1015 1979 5
1035 1950 1101 1991 sq.
1226 1940 1251 1978 6
1276 1935 1406 1979 Dem.
1429 1934 1558 1978 Phal.
1579 1934 1706 1990 apud.
1722 1933 1844 1978 Plut.

150 1992 412 2107 fflifft.1},3'
431 1993 709 2097 ἓὲῧΒοθοΚὴ
742 1994 1136 2039 Staabshaushalt.
1169 1994 1190 2038 Ι
1217 1994 1336 2038 143³.
1393 1993 1543 2037 Zeller
1574 1993 1737 2037 Gesch.
1764 1993 1846 2037 der

271 2234 293 2272 1
329 2228 472 2274 αὑτὸν
506 2230 670 2286 scripsi
703 2244 728 2274 e
755 2231 898 2275 MaU
924 2244 1030 2274 cum
1061 2231 1166 2287 Rog
1226 2230 1370 2275 αὐτὸν
1402 2230 1572 2287 reliqui
1603 2229 1712 2274 libri
1744 2230 1847 2274 Mor

150 2286 217 2331 Re
245 2288 252 2344 Ι
281 2288 420 2333 οὐδὲν
452 2291 561 2333 ante
594 2289 788 2341 οὐδενὸς
810 2291 856 2334 Β
978 2294 1003 2333 2
1031 2290 1091 2341 ὡς
1114 2290 1289 2334 inserui
1314 2303 1340 2334 e
1365 2290 1454 2334 Ma
1466 2290 1630 2335 UVaB
1656 2291 1845 2333 auctore

148 2346 217 2390 Re
249 2361 353 2391 eum
385 2348 489 2406 Rog
609 2353 634 2392 3
669 2347 863 2393 ἑκάστου
894 2350 1082 2405 reposui
1107 2363 1132 2394 e
1155 2349 1287 2393 libris
1314 2351 1502 2393 auctore
1528 2348 1709 2392 Sinteni
1738 2362 1842 2392 eum

149 2405 255 2463 Rog
326 2405 505 2451 ἐκείνου
545 2407 731 2452 Mor-Re
854 2413 878 2451 6
921 2407 1238 2466 ἑβδομήκοντα
1272 2422 1296 2451 e
1335 2409 1425 2451 Par
1457 2412 1569 2452 3017
1611 2407 1715 2465 Rog
1754 2407 1844 2451 for·

150 2466 275 2508 tasse
299 2468 438 2520 reete,
464 2480 570 2510 cum
592 2467 732 2510 fidem
749 2467 901 2511 facere
927 2468 1142 2512 videatur
1157 2467 1422 2511 Demetrius
1439 2467 1691 2511 Phalereus
1718 2466 1846 2522 apud

150 2522 453 2568 Plutarchum
485 2524 570 2569 1.1.
695 2530 718 2568 Ἷ
753 2525 862 2584 γάρ]
897 2524 979 2582 μὲν
1013 2528 1103 2571 Ma
1224 2531 1250 2570 8
1276 2526 1533 2583 ἐτελεύτησε
1566 2527 1612 2570 Β
1639 2526 1645 2585 Ι
1673 2526 1846 2575 ταύτας

150 2582 314 2639 scripsi
362 2598 418 2627 ex
463 2585 558 2629 Ath
569 2585 654 2629 ΠΒ
735 2592 883 2629 ταῦτα
932 2585 1103 2641 reliqui
1152 2584 1263 2629 libri
1310 2585 1402 2628 edd
1549 2589 1603 2628 10
1651 2583 1844 2641 ἤνεγκεν

151 2639 176 2685 ὁ
231 2644 485 2700 Σωκράτης
536 2643 726 2700 reposui
781 2658 804 2687 e
859 2644 992 2688 libris
1077 2644 1241 2701 ἤνεγκε
1295 2642 1551 2701 Σωκράτης
1605 2644 1695 2688 edd

153 2705 207 2744 15
240 2700 461 2757 γενέσθαι
493 2710 674 2758 καιροῖς
696 2704 884 2759 reposui
909 2717 932 2747 e
957 2703 1090 2747 libris
1116 2718 1221 2747 cum
1245 2703 1349 2760 Rog
1409 2710 1592 2758 καιροῖς
1623 2701 1844 2760 γενέσθαι

152 2758 253 2803 Mor
269 2760 336 2804 Re
371 2764 377 2818 Ι
417 2760 635 2818 ἐτήρησεν
666 2762 854 2819 reposui
886 2776 942 2806 ex
972 2763 1242 2807 AthUVaB
1281 2764 1470 2807 auctore
1503 2763 1571 2806 Re
1603 2776 1708 2805 eum
1740 2762 1845 2818 Rog

213 2818 430 2876 ἐτήνησεν
478 2821 569 2865 Μα
653 2821 862 2877 ἐκίνησεν
909 2821 1011 2866 Mor
1026 2821 1096 2865 Re
1248 2827 1303 2865 16
1352 2819 1592 2872 ὃιατέλους
1624 2822 1760 2865 ΜαΒ

156 2881 208 2919 17
239 2878 326 2934 γὰρ
361 2893 434 2923 om
470 2879 559 2923 Ma
601 2880 606 2937 Ι
649 2883 798 2936 ζητεῖν
822 2880 1009 2936 reposui
1034 2894 1059 2925 e
1091 2881 1274 2926 MaAth
1286 2881 1402 2925 VaB
1429 2882 1618 2924 auctore
1644 2880 1712 2924 Re
1738 2893 1842 2923 cum

153 2934 255 2994 Rog
315 2940 397 2995 ζῆν
439 2939 483 2983 U
499 2938 601 2983 Mor
615 2938 684 2982 Re
712 2941 717 2995 Ι
747 2939 801 2983 οὐ
834 2954 909 2983 om
942 2941 1035 2984 Ath

1873 1085 1917 1118 10

1873 1530 1914 1563 15
