2026 3192
423 142 695 187 ACHILLIS
727 142 811 186 AD
844 142 1075 186 ULIXEM
1106 141 1441 186 ANTILOGIA
1651 142 1763 195 319

64 277 155 332 καὶ
197 280 446 331 διελθεῖν
485 277 546 331 ἐν
585 281 792 347 βραχεῖ.
834 275 1016 331 ἔδωκα
1054 280 1151 331 τὸν
1190 279 1430 347 ἡγεμόνα
1469 285 1544 350 τῷ
1586 281 1764 350 στόλῳ

75 370 350 437 Τήλεφον,
398 365 711 437 ἐτρεψάμην
761 369 891 430 τοὺς
930 367 1290 437 ἀνείργοντας
1327 368 1429 435 τὴν
1468 367 1761 436 ἀπόβασιν,

66 456 310 519 ἐψίλωσα
356 458 486 518 τοὺς
542 460 730 526 Τρῶας
775 465 887 509 τῶν
933 457 1257 525 περιοίκων,
1311 458 1615 525 μετήνεγκα
1662 457 1762 509 τὸν

63 548 308 598 πλοῦτον
346 547 425 607 εἰς
455 544 610 612 ὑμᾶς,
642 541 855 598 ἔπαυσα
887 545 985 598 τὸν
1016 546 1213 614 λοιμὸν
1245 546 1338 598 διὰ
1368 552 1468 598 τοῦ
1501 546 1761 613 μάντεως.

63 635 208 696 τίνες
255 629 360 687 οὖν
407 634 462 686 αἱ
510 634 726 686 τούτων
770 633 1019 708 ἀμοιβαί;
1074 632 1363 703 ἐστέρημαι
1417 641 1516 686 τοῦ
1571 633 1760 703 γέρως,

64 720 350 794 ἀφῄρημαι
388 724 490 791 τὴν
520 724 702 791 τιμήν,
741 721 880 789 ὑπὲρ
912 725 1043 785 τοὺς
1076 713 1303 790 ἀτίμους
1332 723 1612 793 ὕβρισμαι.
1652 730 1760 776 ποῦ

64 819 172 864 νῦν
210 813 456 880 Βρισηίς,
504 810 795 880 Ὀδυσσεῦ;
849 812 997 881 παρὰ
1043 818 1117 884 τῷ
1165 811 1441 878 πέμψαντι
1486 812 1589 880 τὴν
1635 829 1761 882 πρε-

64 902 270 968 σβείαν.
324 901 390 953 οὐ
439 899 669 969 γέγονεν
716 899 774 954 ἐκ
822 908 921 954 τοῦ
969 902 1174 962 παντὸς
1229 903 1436 970 χρόνου
1481 905 1762 971 προπηλα-

63 989 255 1056 κισμὸς
310 991 632 1059 δεινότερος.
710 989 796 1042 26.
848 989 1232 1059 μαρτυρήσατέ
1278 1010 1390 1059 μοι,
1430 990 1569 1059 πρὸς
1607 991 1761 1057 Διός,

64 1075 106 1131 ὦ
154 1079 411 1149 κήρυκες,
467 1082 526 1131 οἳ
575 1087 691 1142 τοῖς
741 1077 1105 1148 ἐπιτάγμασιν
1151 1077 1550 1147 Ἀγαμέμνονος
1595 1077 1762 1150 ᾐσχύ-

63 1173 233 1220 νεσθε
271 1166 363 1221 καὶ
402 1173 477 1240 τῷ
509 1169 582 1237 μὴ
621 1172 888 1238 τολμῆσαι
927 1171 1267 1237 προσελθεῖν
1314 1176 1415 1221 τοῦ
1461 1171 1763 1237 τολμήσαν-

63 1276 156 1319 τος
204 1256 524 1310 ἀποστεῖλαι
572 1260 975 1326 κατεγνώκειτε.
1028 1256 1183 1326 ἐξῆγε
1227 1258 1330 1325 μὲν
1369 1257 1397 1311 ὁ
1439 1257 1763 1327 Πάτροκλος

64 1347 164 1414 τὴν
210 1348 384 1416 κόρην
430 1348 656 1399 κύπτων
702 1349 781 1410 εἰς
827 1355 957 1416 γῆν,
1014 1346 1228 1416 ἐδέχετο
1268 1347 1331 1400 δὲ
1371 1347 1399 1399 ὁ
1448 1347 1764 1414 Ταλθύβιος

65 1434 366 1505 ἐρυθριῶν,
406 1436 585 1490 εἵπετο
639 1433 700 1490 δὲ
738 1436 771 1505 ἡ
812 1434 1045 1506 Βρισηὶς
1091 1436 1386 1505 στένουσα,
1435 1435 1540 1503 ἐγὼ
1581 1433 1630 1488 δ’
1677 1433 1763 1503 ἐγ·

63 1524 450 1592 καλυψάμενος
489 1525 833 1596 ἀπεχώρουν,
861 1524 1071 1595 ’Ἕκτωρ
1113 1526 1174 1579 δὲ
1207 1531 1337 1588 ἴσως
1368 1524 1541 1593 ἐγέλα.
1601 1525 1686 1576 27.
1720 1521 1761 1577 ὦ

65 1616 226 1667 πόνοι
265 1615 355 1667 καὶ
395 1616 560 1684 μάχαι
602 1614 691 1668 καὶ
730 1617 944 1668 πόλεων
984 1614 1442 1685 ἀνδραποδισμοί.
1497 1614 1762 1668 ἀνανεοῦ-

65 1724 162 1770 μαι
207 1712 272 1774 τῇ
319 1707 503 1774 μνήμῃ
550 1705 650 1773 τὴν
696 1705 865 1773 ὕβριν
919 1703 1009 1758 καὶ
1064 1705 1233 1758 πάλιν
1281 1703 1617 1773 ἑμπίπλαμαι
1661 1711 1762 1756 τοῦ

66 1798 271 1861 θυμοῦ.
312 1800 513 1861 φεῦγε
554 1792 691 1862 μάλ’
737 1794 948 1861 ἤκουον
980 1792 1069 1847 ἐπὶ
1109 1802 1209 1846 τοῦ
1242 1795 1533 1861 συλλόγου.
1574 1794 1631 1845 τί
1658 1789 1767 1847 οὖν

66 1879 280 1950 ἐνοχλεῖ
317 1889 392 1955 τῷ
435 1885 760 1953 πεφευγότι;
814 1885 875 1936 τὸ
924 1881 1140 1936 ἐκείνου
1180 1881 1345 1950 μέρος
1391 1881 1631 1951 ἀνῆγμαι
1670 1879 1762 1934 καὶ

187 2016 212 2055 5
237 2012 288 2055 Il.
309 2030 338 2055 α
357 2017 441 2057 356
554 2018 606 2057 10
623 2013 675 2058 Il.
694 2031 725 2057 α
743 2018 828 2058 338
952 2019 1004 2058 11
1030 2013 1082 2058 Π.
1101 2031 1132 2057 α
1150 2018 1232 2057 331
1360 2018 1412 2056 12
1437 2013 1489 2057 Π.
1509 2031 1538 2056 α
1557 2017 1642 2057 346

71 2075 124 2114 15
155 2071 207 2115 Il.
243 2089 258 2115 ι
290 2077 374 2115 325
499 2078 553 2116 18
584 2073 635 2116 Il.
671 2091 701 2117 α
734 2078 818 2116 173
966 2078 1019 2116 19
1052 2073 1244 2117 Aristid.
1278 2088 1322 2130 p.
1348 2077 1448 2126 589,
1469 2077 1494 2115 3

191 2196 212 2234 1
247 2191 329 2235 τὸν
361 2191 535 2235 inserui
567 2206 592 2236 e
623 2191 755 2235 libris
789 2194 836 2235 et
868 2191 994 2249 Greg
1070 2206 1145 2236 om
1177 2191 1267 2235 edd
1411 2196 1436 2234 2
1471 2188 1767 2247 ἐνείργοντας

79 2250 135 2293 Vi
256 2255 281 2293 3
315 2250 529 2304 ἐτόξευσα
563 2252 671 2294 antae
704 2249 910 2306 ἐψίλωσα
944 2252 1044 2297 Gan
1105 2250 1323 2307 ἐστέρησα
1348 2249 1450 2294 Mor
1473 2250 1555 2293 sed
1581 2266 1634 2305 γρ
1660 2246 1761 2304 ἐψί·

69 2310 190 2352 λωσα
222 2308 271 2352 in
303 2323 438 2367 marg
556 2316 584 2354 4
617 2311 678 2360 ὡς
711 2312 799 2354 Μα
834 2314 839 2367 Ι
875 2310 997 2366 ἡμᾶς
1024 2311 1160 2355 Lawr
1193 2309 1318 2367 Greg
1438 2313 1463 2351 6
1495 2315 1587 2353 τῶν
1617 2314 1767 2365 τιμῶν

18 2423 19 2426 ¹
71 2367 206 2413 Laur
348 2374 374 2413 8
414 2371 495 2414 καὶ
528 2370 616 2414 Μα
649 2370 730 2412 sed
771 2371 825 2413 οὐ
866 2383 1081 2426 suprascr
1111 2369 1182 2412 m³
1231 2371 1237 2425 Ι
1287 2375 1368 2412 τοῦ
1401 2381 1473 2412 om
1509 2369 1644 2412 Laur

71 2430 96 2468 9
129 2426 381 2484 βαρύτερος
414 2430 618 2474 CrHMa
764 2433 818 2473 10
851 2428 897 2472 οἳ
927 2429 1113 2485 reposui
1146 2442 1170 2472 e
1209 2428 1341 2471 libris
1382 2441 1487 2471 cum
1520 2426 1702 2471 Sinteni

72 2484 115 2528 οἱ
147 2486 238 2529 edd
383 2493 435 2531 11
469 2488 522 2532 τὸ
556 2490 631 2532 La
664 2488 746 2532 sed
779 2489 803 2533 ὸ
834 2489 884 2531 in
917 2496 951 2532 ῶ
984 2501 1085 2532 corr
1115 2503 1148 2532 η
1198 2491 1203 2544 Ι
1252 2489 1509 2542 παρελθεῖν
1542 2489 1632 2531 Ma

73 2549 126 2588 12
158 2547 495 2604 καταγνώκειτε
528 2549 616 2592 Μα
649 2547 731 2590 sed
761 2565 816 2604 γρ
849 2547 1105 2604 κατέγνωτε
1143 2546 1189 2590 in
1224 2559 1359 2603 marg
1388 2545 1458 2589 m²
1508 2547 1513 2601 1
1562 2543 1766 2601 πρόκλος

74 2603 173 2653 Gan
295 2610 348 2649 13
382 2605 434 2651 δὲ
466 2605 491 2650 ὃ
523 2620 599 2651 om
632 2607 732 2651 Can
763 2607 866 2650 Mor
987 2611 1041 2650 14
1072 2606 1101 2662 ἡ
1134 2621 1209 2651 om
1241 2605 1308 2650 Re
1337 2607 1343 2661 Ι
1372 2604 1650 2658 στενάζουσα
1672 2605 1762 2648 Ma

73 2664 138 2718 (et
167 2663 298 2708 Bodl.
331 2664 462 2709 Misc.
498 2669 580 2709 186
613 2665 691 2709 fol.
718 2668 839 2722 235¹)
869 2668 875 2722 Ι
903 2663 1034 2722 ἔγωγ’
1082 2666 1139 2709 Vi
1172 2667 1178 2721 Ι
1214 2665 1265 2708 δὲ
1298 2664 1638 2709 HBLaurGan
1669 2662 1762 2707 edd

192 2727 246 2766 15
278 2723 550 2781 ὑπεχώρουν
580 2725 731 2770 BCan
757 2727 763 2781 Ι
791 2722 838 2768 δ’
868 2726 1073 2771 GrHMa
1196 2728 1250 2767 16
1282 2721 1421 2768 πόνοι
1453 2722 1619 2779 scripsi
1650 2735 1676 2767 e
1702 2722 1765 2766 Cr

74 2781 201 2826 HLa
212 2782 360 2827 ViMa
418 2783 608 2841 πόλεμοι
638 2783 809 2840 reliqui
832 2783 942 2828 libri
967 2784 1058 2828 edd
1181 2788 1234 2826 17
1259 2782 1343 2839 τὴν
1366 2781 1503 2841 ὕβριν
1526 2788 1582 2838 τῆ
1606 2780 1761 2838 μνήμη

22 2874 24 2879 .
74 2840 310 2886 LaurOan
338 2842 343 2899 1
370 2848 425 2898 τῆ
457 2842 610 2900 μνήμη
644 2844 731 2888 Ma
765 2843 847 2887 sed
879 2860 933 2900 γρ
965 2849 1019 2899 τῆ
1052 2844 1209 2900 γνώμη
1243 2855 1458 2898 suprascr
1489 2841 1559 2884 m⁸
1585 2843 1592 2896 Ι
1619 2839 1764 2884 πάλιν

72 2900 259 2955 reposui
291 2913 316 2943 c
346 2899 479 2945 libris
540 2909 632 2952 πᾶς
664 2903 754 2946 edd
877 2907 931 2946 18
967 2899 1098 2959 μάλλ’
1137 2901 1238 2946 Gan
1298 2902 1468 2956 μᾶλλον
1499 2900 1643 2945 LaVi

26 3004 28 3006 ,
77 2962 130 3000 19
162 2957 414 3014 πεφευγότι
448 2962 537 3005 Ma
568 2962 649 3004 sed
688 2979 743 3019 γρ
777 2962 996 3018 φεύγοντι
1034 2961 1083 3004 in
1114 2974 1248 3017 marg
1278 2959 1348 3003 m²
1396 2961 1402 3016 Ι
1453 2960 1529 3004 ἐπὶ
1568 2959 1677 3002 ante
1707 2957 1762 3001 τὸ

1787 1101 1836 1133 10·

1788 1547 1835 1579 15-
