2026 3192
138 1071 180 1101 10

139 1514 178 1546 15

205 110 315 161 520
694 109 922 153 LIBANII
952 109 1107 154 DECL
1116 110 1200 152 AM
1205 73 1344 154 ATIO
1376 110 1439 153 XI

205 244 325 298 ἀλλ’
370 245 469 298 οὐκ
509 242 602 313 ἧν,
651 241 826 313 οἶμαι,
875 253 968 313 τῆς
1012 247 1324 298 Μιλτιάδου
1372 254 1548 314 ψυχῆς
1597 245 1896 315 ἐκκαρποῦ-

206 340 340 387 σθαι
381 335 445 386 τὰ
484 333 741 402 ὑμέτερα,
789 332 906 387 ἀλλ’
955 333 1050 387 ἕνα
1098 334 1280 403 ἡγεῖτο
1327 339 1570 388 πλοῦτον
1618 336 1788 388 αὑτοῦ
1835 338 1895 390 τὸ

205 425 306 491 τὴν
345 424 507 476 πόλιν
545 424 705 491 μείζω
746 431 860 485 τοῖς
901 422 1092 485 ὅπλοις
1131 433 1328 476 ποιεῖν.
1381 424 1474 475 διὰ
1513 431 1676 478 τοῦτο
1717 425 1745 477 ὃ
1786 435 1897 478 τῶν

204 511 525 581 πενομένων
564 509 678 564 ἐστὶ
718 510 983 579 πέπονθε,
1024 511 1255 564 δέδεται.
1296 515 1342 564 εἰ
1384 511 1432 563 δ’
1479 509 1547 580 ἧν
1587 513 1732 585 αὐτῷ
1777 520 1895 567 θεῖ-

204 621 320 666 ναι,
370 594 527 653 ’δοκεῖ
573 598 693 652 ποτ’
740 600 809 653 ἂν
855 600 988 669 ὑμῖν
1036 600 1260 654 ἑλέσθαι
1316 603 1550 669 δεθῆναι
1603 606 1814 669 μᾶλλον
1863 603 1894 671 ἢ

202 696 411 754 θεῖναι;
450 691 707 757 βεβόηται
741 691 1050 758 Μιλτιάδης
1091 689 1196 743 ἀπὸ
1230 697 1330 743 τοῦ
1362 694 1737 759 ΝΙαραθῶνος,
1771 688 1896 745 οῖδα

202 787 365 831 τοῦτο
406 782 605 843 καλῶς,
654 777 770 831 ἀλλ’
819 777 1009 846 ἕτερόν
1050 778 1224 846 ἐστιν,
1275 776 1317 831 ὦ
1358 780 1555 847 ἄνδρες
1590 779 1895 848 Ἀθηναῖοι,

202 871 366 935 νίκην
420 866 718 920 ἀνελέσθαι
772 869 1087 936 μαχόμενον
1140 866 1231 920 καὶ
1285 871 1489 935 τίμημα
1544 868 1749 921 ἐκτίσαι
1801 870 1896 921 δύ-

203 962 426 1009 νασθαι.

319 1045 401 1098 19.
442 1046 512 1097 El
552 1048 747 1098 τοίνυν
786 1046 912 1098 οὔτε
951 1045 1121 1098 πλέον
1160 1042 1326 1098 οὐδὲν
1365 1045 1500 1114 ὑμῖν
1540 1045 1598 1099 ἐκ
1629 1055 1729 1099 τοῦ
1763 1047 1896 1100 ἐκεῖ·

203 1154 308 1188 νον
348 1133 608 1187 δεδέσθαι
650 1132 763 1186 οὔτ’
805 1125 1030 1187 ελαττον
1070 1133 1128 1187 ἐκ
1168 1141 1268 1186 τοῦ
1308 1135 1406 1187 τὸν
1443 1136 1571 1188 υἱὸν
1607 1132 1722 1188 ἀντ’
1763 1139 1896 1189 ἑκεί-

203 1244 324 1291 νου,
364 1225 421 1276 τί
455 1225 526 1292 μὴ
569 1223 740 1276 αὐτοῦ
781 1231 845 1293 τῆ
884 1225 1039 1276 πόλει
1081 1223 1391 1292 σωζομένου
1432 1225 1532 1292 τὴν
1573 1224 1669 1277 ἐπι
1701 1229 1895 1294 φιλαν-

203 1314 427 1382 θρωπίᾳ
465 1313 912 1381 προσλαμβάνετε
953 1310 1140 1380 δόξαν;
1180 1312 1213 1379 ἢ
1255 1311 1473 1365 δέδοικέ
1508 1334 1590 1376 τις
1627 1314 1784 1381 ὑμῶν
1823 1316 1895 1383 μὴ

205 1402 398 1463 λυθεὶς
438 1401 646 1464 ἐκεῖνος
684 1407 963 1471 νομοθετῇ
1003 1402 1094 1454 καὶ
1136 1401 1264 1471 λέγῃ
1306 1400 1395 1454 καὶ
1437 1403 1622 1472 γράφῃ
1663 1401 1752 1455 καὶ
1784 1413 1897 1455 ’τῶν

203 1500 409 1543 κοινῶν
464 1492 695 1559 ἅπτηται
750 1491 918 1543 πάλιν
973 1492 1118 1557 παρὰ
1173 1498 1272 1543 τοῦ
1330 1492 1597 1543 λελύσθαι
1661 1494 1897 1560 νομίζων

204 1579 352 1651 αὐτῷ
391 1578 481 1631 καὶ
520 1580 622 1647 τὴν
661 1580 738 1642 εἰς
778 1586 947 1631 ταῦτα
986 1577 1244 1642 ἐξουσίαν
1284 1580 1572 1644 δεδόσθαι;
1620 1579 1648 1632 ὁ
1691 1581 1751 1633 δὲ
1797 1581 1895 1648 μά-

204 1673 361 1721 λιστα
410 1665 512 1738 μὲν
570 1664 688 1721 οὐδ’
743 1671 794 1721 εἰ
838 1669 1055 1736 σφόδρα
1109 1666 1271 1720 ταῦθ’
1320 1660 1434 1730 οἷός
1479 1688 1537 1720 τε
1583 1666 1652 1737 ἦν
1698 1678 1895 1737 ποιεῖν,

204 1759 357 1810 δοκεῖ
399 1760 499 1826 μοι’
540 1755 657 1809 ποτ’
705 1756 775 1810 ἂν
823 1756 1047 1810 ἑλέσθαι
1093 1758 1424 1826 μεμαθηκὼς
1475 1759 1671 1820 ἱκανῶς
1719 1758 1791 1820 ὡς
1834 1758 1895 1810 τὸ

203 1848 304 1914 τὴν
350 1847 585 1916 ἡσυχίαν
637 1847 791 1913 ἄγειν
845 1844 934 1898 καὶ
989 1847 1055 1897 τὰ
1110 1846 1281 1899 αὑτοῦ
1334 1847 1594 1914 πράττειν
1648 1847 1895 1914 ἄμεινον·

139 1958 158 1987 :2
205 1943 311 1988 νῦν
352 1933 399 1988 δ’
448 1937 494 1988 εἰ
535 1933 624 1988 καὶ
665 1937 791 1987 λίαν
831 1936 1029 1996 ἄτοπός
1067 1954 1149 1997 τις
1189 1939 1271 2002 εἴη
1311 1933 1400 1987 καὶ
1441 1944 1552 1987 τῶν
1588 1935 1771 1988 αὐτῶν
1810 1933 1895 2004 ’ἑρ-

326 2087 348 2124 1
383 2080 791 2136 cf.t.111134‚19;
824 2082 857 2124 t.
882 2081 946 2124 IV
964 2086 1100 2136 242‚4
1223 2086 1250 2123 4
1278 2081 1406 2124 Dem.
1433 2096 1476 2136 p.
1504 2085 1670 2135 607,2;
1704 2085 1894 2135 610‚15;

206 2145 305 2194 752,
324 2145 379 2184 22
503 2144 558 2184 20
590 2139 707 2184 Plat.
741 2154 837 2196 rep.
863 2139 968 2183 Vm
999 2155 1042 2196 p.
1071 2141 1213 2183 553A

205 2274 314 2316 libri
347 2274 436 2316 edd
465 2276 470 2329 Ι
500 2273 540 2317 εἰ
571 2274 681 2317 ante
712 2273 762 2317 τὸ
799 2274 854 2317 Va·
881 2275 886 2329 Ι
916 2273 1133 2330 αὐξήσειν
1168 2274 1314 2317 ViBL
1349 2274 1427 2316 sed
1461 2273 1510 2316 in
1542 2273 1702 2316 hocin
1735 2271 1894 2324 αὔξειν

206 2347 307 2376 corr
338 2332 419 2386 m²‚
446 2334 554 2376 Lau
581 2334 586 2389 Ι
616 2331 784 2386 ἤθελεν
809 2333 917 2376 Lau
950 2333 1026 2376 sed
1061 2335 1086 2375 λ
1116 2331 1165 2375 in
1197 2346 1271 2376 ras
1303 2331 1374 2375 m²

325 2396 350 2434 2
389 2394 590 2436 πλοῦτον
621 2392 765 2435 αὑτοῦ
798 2391 962 2447 scripsi
1038 2394 1238 2435 πλοῦτον
1278 2392 1421 2435 αὐτοῦ
1456 2392 1672 2435 ViBLau
1749 2391 1892 2434 αὐτοῦ

205 2453 405 2495 πλοῦτον
431 2450 509 2493 LI
535 2450 623 2493 edd
748 2455 772 2492 3
808 2448 928 2501 ὅλοις
962 2451 1018 2494 Va·
1056 2453 1061 2505 Ι
1091 2453 1170 2494 δια
1201 2458 1335 2494 τοῦτο
1370 2451 1427 2494 Vi
1487 2452 1704 2493 διατοῦτο
1730 2450 1774 2492 Β

205 2514 231 2551 4
258 2511 306 2553 et
331 2515 355 2553 6
380 2507 505 2554 τίσαι
529 2510 644 2553 coni·
658 2509 759 2552 Mor
881 2515 906 2552 5
931 2509 1040 2565 ὑμῖν
1065 2523 1139 2553 om
1174 2511 1230 2553 Vi
1257 2513 1262 2566 Ι
1302 2507 1524 2554 δεδέσθαι
1559 2510 1614 2552 Vi
1733 2512 1758 2550 8
1783 2523 1893 2550 num

206 2570 409 2612 έκτῖσαιῗ
453 2571 502 2611 ab
538 2569 595 2612 ef.
628 2584 672 2624 p.
700 2573 801 2622 522,
821 2574 867 2621 23
901 2570 932 2612 t
958 2568 1198 2623 11465‚3;
1242 2569 1305 2611 ΙΙΙ
1331 2573 1502 2621 181,12
1657 2572 1710 2610 10
1754 2566 1893 2611 οὐδὲν

206 2641 280 2669 0111
316 2629 372 2672 Vi
406 2630 411 2684 Ι
453 2627 631 2672 ἐκεῖνον
664 2628 831 2683 scripsi
863 2629 1049 2670 auctore
1082 2627 1239 2671 Gasda
1299 2635 1456 2671 κεῖνον
1491 2628 1546 2670 Vi
1606 2628 1822 2670 κάκεῖνον
1848 2627 1894 2669 Β

207 2687 390 2730 LILau
422 2687 508 2729 edd
651 2692 703 2728 12
735 2685 779 2729 τί
811 2686 892 2744 μὴ]
925 2685 1029 2742 μήτ’
1068 2687 1124 2729 Vi
1173 2690 1178 2743 Ι
1227 2693 1398 2730 ταυτοῠ
1425 2687 1470 2730 Β
1608 2690 1660 2728 16
1694 2686 1891 2728 αὑτῶ-

208 2743 440 2803 ἐξουσίαν]
472 2746 550 2788 καὶ
581 2745 761 2820 ταύτην
786 2746 910 2789 αὐτῶ
942 2745 1026 2801 τὴν
1058 2744 1270 2798 ἐξουσίαν
1296 2747 1330 2789 Ι
1350 2747 1356 2801 Ι
1386 2746 1508 2789 αὐτῶ
1535 2745 1764 2788 BLILau
1790 2732 1815 2798 Ι
1867 2741 1891 2787 ὃ

206 2805 316 2847 Lau
460 2809 511 2847 17
543 2802 675 2847 ταῦτ’
713 2801 810 2854 οἷός
835 2806 878 2847 Β
1024 2809 1076 2846 18
1111 2805 1170 2854 ὡς
1200 2805 1272 2862 τὸ]
1305 2803 1417 2848 ὥστε
1453 2805 1508 2847 Vi
1653 2807 1705 2845 19
1747 2803 1890 2845 αὑτοῦ

208 2862 371 2918 scripsi
404 2875 428 2905 e
455 2864 544 2907 Vi]
600 2864 744 2907 αὐτοῦ
770 2865 973 2907 BLLau
1007 2863 1097 2906 edd
1220 2867 1275 2906 20
1308 2862 1359 2907 δὲ
1386 2863 1442 2905 Vi.
1469 2865 1474 2919 Ι
1503 2863 1646 2906 αὐτου
1674 2863 1729 2905 Vi
1756 2865 1762 2916 1
1791 2860 1891 2916 ἑργ-

207 2921 362 2977 μάτων
397 2922 453 2965 Vi
514 2921 749 2978 ἐργμάτων
775 2924 820 2966 Β
1584 2931 1587 2935 “
