2026 3192
234 113 336 166 158
694 113 922 157 LIBAN'II
950 113 1340 158 DECLAMATIO
1371 113 1435 158 ΠΙ

335 255 485 301 104ἯΓ
519 248 722 319 [πατρὸς
761 249 1024 319 ἀπολογία]
1064 255 1273 315 467,29
1318 250 1369 303 δὲ
1411 246 1473 318 ἦν
1498 281 1567 287 -—-
1594 256 1766 316 471,2
1813 273 1916 319 μει-

226 326 400 391 ρακίου
431 326 606 387 κάλλος

342 402 473 449 105v
507 396 899 466 [Δημοσθένης-
918 397 1111 467 βωμόν]
1140 403 1262 464 265,
1277 404 1306 450 9
1334 400 1450 461 τοὺς
1481 400 1628 466 ἐμοὺς
1646 430 1714 436 ——
1737 404 1803 452 25
1829 402 1917 453 τὸν

225 474 485 597 βωμῗξὸπ
531 549 837 615 φιλαργύρου
883 553 1001 609 παῖς
1046 557 1133 599 τοῦ
1180 549 1362 616 πατρὸς
1409 551 1531 613 654,
1549 553 1578 599 3
1608 577 1677 584 --
1706 551 1913 612 656,13

225 622 308 671 ἴνα
340 641 423 686 μοι
454 622 520 686 μὴ

341 699 491 745 122VT
516 691 847 765 [Πάτροκλος]
876 700 960 759 82,
982 701 1047 746 12
1077 696 1361 763 μεταφέρων
1385 697 1634 747 αἰδεῖσθαι
1651 725 1721 732 -
1741 700 1826 761 85,
1846 700 1912 747 17

223 768 514 820 ἀποδοῦναι.

335 845 532 894 Primus
556 846 910 908 Papadopulus
936 845 1197 896 Cerameus
1220 847 1400 895 litteris
1426 849 1647 894 animum
1669 863 1833 894 meum
1851 845 1916 893 ad

224 919 441 968 codicem
473 922 730 968 convertit.
808 920 954 969 Anno
990 922 1129 969 1896
1163 937 1252 983 per
1285 921 1640 969 liberalitatem
1671 919 1916 969 Gerasimi

222 993 536 1055 patriarchae
567 993 1011 1057 Hierosolymitani
1046 995 1168 1043 mihi
1216 995 1480 1055 carissimi,
1527 996 1664 1043 cuius
1704 997 1914 1042 mortem

222 1070 592 1130 praematuram
624 1070 815 1117 sincero
848 1069 988 1116 luctu
1021 1085 1314 1131 prosequor,
1345 1070 1396 1116 in
1427 1068 1727 1117 bibliotheca
1756 1069 1918 1131 patri-³

223 1141 408 1190 archali
441 1157 552 1190 eum
587 1145 813 1191 excutere
843 1143 968 1190 mihi
996 1145 1289 1206 permissum
1321 1146 1409 1191 est.

336 1217 382 1263 5.
415 1215 780 1265 Barberinus
813 1217 863 1265 II
888 1219 954 1264 41
985 1211 1065 1283 (=
1091 1211 1156 1284 Β)
1183 1233 1306 1266 saec.
1332 1218 1424 1264 XV
1455 1217 1538 1265 fol.
1566 1217 1673 1265 280
1706 1219 1757 1264 et
1790 1217 1912 1265 282.

221 1289 347 1337 Vide
379 1293 414 1338 t.
439 1289 464 1337 I
494 1307 540 1352 p.
569 1292 638 1340 30
656 1307 727 1353 sq.
791 1290 1003 1341 Contuli.

335 1365 379 1411 6.
420 1363 734 1414 Parisinus
773 1383 846 1428 gr.
881 1367 1023 1414 3014
1065 1359 1144 1431 (=
1163 1360 1258 1431 Pa)
1299 1381 1423 1414 saec.
1460 1365 1701 1434 XIVssol.
1737 1365 1832 1413 651γ
1863 1366 1919 1412 et·

225 1439 332 1487 68¹2
364 1437 490 1485 Vide
507 1439 612 1486 t.·II
633 1456 689 1502 p.-
710 1441 814 1488 375
829 1455 900 1501 sq.
935 1440 1103 1488 Scatet
1127 1440 1260 1489 vitiis
1286 1439 1370 1488 sed
1394 1442 1639 1488 correctus
1665 1441 1739 1487 est
1760 1454 1912 1486 manu

221 1512 434 1560 secunda
468 1529 524 1559 ex
557 1513 656 1562 alio
690 1514 871 1574 codice,
903 1514 1063 1562 rarius
1094 1515 1259 1563 tertia.
1317 1514 1644 1562 Contulerunt
1673 1529 1836 1560 meum
1857 1513 1916 1560 in‘

221 1601 366 1634 usum
399 1602 529 1635 anno
566 1588 706 1635 1875
742 1586 946 1636 Carolus
980 1586 1146 1636 Graux
1179 1591 1229 1636 et
1253 1588 1421 1636 Sturm
1447 1587 1910 1651 Luxemburgensis.

134 1670 218 1710 173
337 1663 381 1708 7.
414 1661 861 1709 Laurentianus
893 1662 1035 1710 LVII
1060 1664 1125 1710 21
1161 1663 1450 1711 chartaceus
1482 1663 1670 1710 formae
1704 1662 1912 1722 quartae

219 1734 405 1783 saeculi
428 1730 669 1799 XIVsXV
693 1751 823 1784 anno
853 1737 994 1783 1418
1020 1752 1049 1784 a
1081 1735 1432 1799 Christophoro
1457 1736 1517 1783 de
1539 1735 1910 1782 Bondelmonti-

218 1808 310 1856 bus
336 1823 365 1855 a
385 1808 577 1857 Cosimo
587 1810 775 1857 Medice
790 1811 843 1858 in
856 1809 1113 1858 Graeciam
1131 1810 1194 1858 ad
1212 1810 1401 1858 codices
1419 1808 1743 1871 acquirendos
1759 1808 1911 1856 misso

222 1881 435 1931 Candiae
461 1885 654 1946 emptus
674 1886 800 1932 teste
817 1883 1138 1946 inscriptione
1154 1884 1264 1932 folii
1283 1886 1410 1934 307:
1430 1882 1747 1933 MCCCOX
1759 1882 1917 1931 VIIL

220 1970 301 2016 eyo
323 1958 577 2018 presbyter
612 1956 979 2018 Christophorus
1011 1961 1103 2006 emi
1130 1959 1308 2006 librum
1338 1961 1485 2006 istum
1519 1957 1738 2005 Candiae
1768 1972 1908 2018 prae-

219 2032 367 2078 misso
399 2030 560 2079 indice
592 2031 676 2079 fol.
713 2034 853 2080 1—3
888 2033 1110 2080 continet

330 2104 400 2152 fol
434 2106 466 2151 4
519 2104 956 2171 Πρεσβευτικὸς
1003 2105 1147 2170 πρὸς
1194 2105 1330 2165 τοὺς
1384 2112 1569 2170 τρῶας
1615 2100 1759 2169 ὑπὲρ
1806 2110 1911 2167 τῆς

219 2175 435 2241 ἕλε’νης.
469 2176 752 2242 μενέλαος

331 2253 362 2299 8
419 2251 762 2317 πρεσβευτικὸς
826 2252 948 2318 πρὸς
1015 2253 1129 2312 τοὺς
1186 2261 1341 2318 τρῶας
1402 2250 1525 2317 ὑπὲρ
1589 2259 1673 2316 τῆς
1726 2249 1907 2315 ἕλε’νης.

219 2321 520 2384 ὀδυσσεύς.

332 2401 397 2446 22
427 2394 724 2465 Ἀριστείδου
756 2400 1100 2465 πρεσβευτικὸς
1132 2399 1254 2466 πρὸς
1286 2399 1489 2466 ἆχιλλέα.
1559 2397 1795 2459 ὀδυσσεύς

332 2474 397 2520 28
427 2467 688 2540 Ἀπολογία
711 2472 938 2539 ἆχιλλέως
962 2474 1082 2539 πρὸς
1107 2474 1192 2524 τὸν
1216 2473 1269 2523 ἐν
1292 2478 1444 2533 λιταῖς
1466 2471 1670 2539 πρέσβιν
1695 2470 1906 2522 ὀδυσσέα

330 2548 426 2594 41v
428 2548 734 2613 φιλαργύρου
765 2552 881 2607 παῖς
912 2546 1197 2614 ἀριστεύσας
1228 2543 1298 2615 (p.
1328 2550 1432 2596 622
1458 2543 1525 2615 R)

329 2621 397 2667 48
431 2621 665 2680 πλούσιος
705 2620 758 2670 ἐν
796 2625 919 2689 λιμῷ
958 2621 1170 2688 θρέψειν
1208 2620 1485 2686 ὑπισχνεῖτο
1524 2619 1615 2684 τὴν
1653 2619 1820 2683 πόλιν,
1859 2619 1907 2668 εἰ

215 2691 435 2757 ἐκδιδοίη
466 2691 552 2742 τὸν
583 2693 763 2760 ἐχθρὸν
791 2695 935 2744 αὐτῶ.
969 2692 999 2758 ἡ
1027 2693 1114 2759 μὲν
1139 2689 1231 2744 οὖν
1256 2695 1455 2745 ἔδωκεν·
1489 2693 1514 2744 ὁ
1540 2692 1591 2743 δὲ
1620 2692 1757 2755 ἀξιοῖ
1779 2691 1906 2742 ἀπο-

217 2771 413 2816 θανεῖν
446 2766 568 2816 κατὰ
599 2766 684 2817 τὸν
714 2776 856 2818 τοῦτο
890 2769 1090 2819 διδόντα
1120 2768 1276 2832 νόμον
1301 2763 1458 2836 (227)

331 2840 587 2981 ῖέὃξέχων
625 2843 696 2900 τίς
741 2847 953 2907 γυναῖκα
998 2841 1080 2891 καὶ
1126 2839 1196 2891 ὢν
1235 2841 1332 2891 ὑπὸ
1371 2840 1552 2907 πατρὸς
1589 2839 1906 2911 ἀπεδήμησεν

213 2917 309 2962 κτλ.
