2026 3192
433 122 706 168 ACHILLIS
738 123 822 166 AD
853 123 1088 167 ULIXEM
1119 123 1451 170 ANTILOGIA
1663 125 1771 178 313

74 278 268 329 χανον,
332 259 469 312 ἀλλά
530 259 752 312 πάντων
807 258 1079 327 ἀργότατοι
1141 258 1231 313 καὶ
1286 261 1641 331 ῥᾳθυμότατοι
1695 282 1756 333 τς.

75 347 292 420 πολέμῳ
331 347 663 417 κεχρημένος
701 347 793 400 καὶ
823 345 999 417 μηδὲν
1029 346 1260 402 ἐποίουν
1291 349 1529 418 βέλτιον,
1571 350 1677 403 ἀπό
1710 370 1772 418 γε

75 438 274 505 ταύτης
335 438 634 505 προσήκειν
702 436 834 505 ἡμῖν
906 436 1148 490 ἰσοθέων
1217 436 1522 507 ἀξιωθῆναι
1584 449 1773 508 τιμῶν.

80 525 161 579 15.
194 534 445 579 σκοπεῖτε
476 525 602 594 γάρ·
645 519 790 594 εἶχεν
822 523 1167 594 Ἀγαμέμνων
1197 527 1299 595 τὴν
1335 528 1562 596 Χρύσου
1601 529 1771 580 παῖδα

75 615 277 683 λαβών,
317 614 346 668 ὁ
388 614 449 667 δὲ
484 615 705 682 Χρύσης
738 609 901 677 οὗτος
938 610 1009 682 ἦν
1044 616 1222 683 ἱερεὺς
1246 614 1605 679 Ἀπόλλωνος.
1645 620 1770 686 βου-
1820 638 1838 669 5

77 704 307 770 λόμενος
346 699 450 757 οὖν
490 703 769 756 ἀνασῶσαι
811 705 911 771 τὴν
945 703 1231 774 θυγατέρα
1268 705 1406 774 πρὸς
1443 707 1505 758 τὸ
1548 708 1770 775 στρατό-

76 792 249 845 πεδον
286 788 420 860 ἧκεν
459 793 587 845 οὔτε
628 793 846 862 λύτρων
878 793 1210 861 φειδόμενος
1248 799 1325 865 τῷ
1356 813 1414 847 τε
1445 798 1559 865 θεῷ
1600 795 1771 862 δοθῆ-

75 900 169 933 ναι
207 881 309 949 τὴν
347 881 511 951 χάριν
553 882 826 934 ἱκετεύων.
867 880 896 934 ὁ
939 878 999 934 δὲ
1037 884 1271 952 μετρίως
1300 881 1392 935 καὶ
1424 887 1603 945 καλῶς
1634 883 1771 951 ὑπὲρ

76 979 187 1022 τῶν
237 979 444 1022 κοινῶν
491 969 930 1038 βεβουλευμένος
977 968 1091 1023 οὔτ’
1148 970 1362 1040 ἀφῆκεν
1412 972 1539 1025 οὔτε
1586 970 1774 1042 πράως

78 1057 415 1127 ἀπέπεμψεν,
468 1055 585 1111 ἀλλ’
639 1058 935 1127 ἠπείλησεν
985 1059 1334 1129 ἀποκτενεῖν,
1382 1063 1434 1114 εἰ
1469 1062 1541 1130 μὴ
1582 1062 1770 1129 φύγοι,
1799 1082 1841 1114 ιο

78 1151 250 1216 λῆρον
289 1143 431 1200 εἶναι
464 1150 645 1216 φήσας
676 1148 778 1215 τὴν
808 1156 908 1201 τοῦ
944 1153 1086 1201 θεοῦ
1127 1153 1453 1219 συμμαχίαν.
1535 1150 1617 1202 16.
1651 1148 1767 1218 ἐμοὶ

77 1232 178 1303 μὲν
233 1233 338 1290 οὗν
392 1237 567 1299 εὐθὺς
621 1237 811 1290 δεινὸν
865 1235 1012 1290 τοῦτ’
1061 1236 1319 1307 ἐφαίνετο
1374 1239 1463 1292 καὶ
1519 1239 1775 1307 μεγάλων

78 1324 214 1395 ἀρχὴ
247 1334 572 1394 συμφορῶν,
608 1326 736 1379 οὔτε
767 1327 872 1395 γὰρ
905 1325 1122 1380 ἐκεῖνον
1151 1329 1223 1396 μὴ
1259 1326 1622 1391 κατεύξεσθαι
1664 1337 1774 1380 τῶν

0 1488 2 1490 ¹
66 1411 295 1484 Ἀχαιῶν
320 1415 467 1478 εἰκὸς
500 1411 572 1483 ἦν
598 1416 724 1468 οὔτε
754 1416 865 1484 μὴν
894 1416 992 1468 τὸν
1017 1414 1262 1470 Ἀπόλλω
1294 1417 1366 1485 μὴ
1401 1419 1775 1486 συναλγήσειν

0 1557 1 1563 ,
78 1508 153 1575 τῷ
199 1504 505 1574 πρεσβύτῃ,
559 1511 660 1557 τοῦ
715 1504 777 1557 δὲ
829 1506 901 1573 μὴ
958 1506 1144 1558 δοκεῖν
1199 1507 1352 1558 οὔπω
1407 1515 1520 1559 τῶν
1576 1506 1777 1558 δεινῶν
1802 1527 1844 1559 15

0 1643 7 1676 t

0 1698 5 1726 ι

0 1753 4 1827 ἰ

0 1596 3 1639 ὲ
78 1594 370 1662 παρόντων
417 1591 725 1661 ἐξεπίτηδες
783 1594 1117 1663 συγκρούειν
1163 1595 1261 1647 τὸν
1308 1596 1614 1664 ἄνθρωπον
1660 1603 1776 1655 τοῖς

73 1679 311 1751 Ἀχαιοῖς
350 1680 619 1735 ἐσιώπων.
659 1681 775 1735 ἀλλ’
821 1683 926 1736 οὐκ
964 1680 1117 1752 ἔφθη
1164 1685 1507 1753 παροινήσας
1554 1686 1632 1746 είς
1678 1685 1777 1736 τὸν

87 1769 336 1840 Ἀπόλλω,
361 1769 451 1824 καὶ
483 1773 544 1825 τὸ
574 1773 948 1840 στρατόπεδον
980 1771 1242 1842 ἐξαίφνης
1274 1771 1596 1840 ἀνηλίσκετο
1629 1774 1775 1844 νόσῳ

79 1859 169 1912 καὶ
207 1860 269 1912 τὸ
310 1857 476 1930 ἔργον
515 1860 648 1929 ἡμῖν
686 1856 755 1929 ἦν
794 1861 851 1913 αἱ
890 1870 1002 1913 τῶν
1042 1860 1319 1914 ἀπιόντων
1369 1860 1536 1930 ταφαὶ
1578 1861 1670 1914 καὶ
1708 1868 1782 1932 τῷ

202 2025 228 2064 6
259 2020 310 2063 Il.
344 2037 374 2064 α
410 2025 462 2064 13
482 2036 548 2078 sq.
581 2020 704 2064 Diet.
729 2021 771 2065 H
795 2024 852 2064 28
999 2025 1053 2065 10
1083 2021 1135 2066 Il.
1170 2039 1200 2065 α
1233 2026 1289 2066 28
1436 2025 1489 2064 13
1527 2021 1645 2064 Plat.
1678 2035 1774 2077 rep.

80 2078 145 2182 ἐξ
170 2094 220 2182 fi.
247 2081 403 2182 39352A.
436 2080 488 2124 Π.
522 2098 552 2123 α
584 2085 640 2125 42
788 2085 842 2124 14
872 2080 925 2124 Il.
960 2098 991 2124 α
1020 2085 1078 2124 43
1224 2085 1277 2124 16
1310 2081 1454 2124 Thuc.
1479 2080 1501 2123 1
1532 2085 1646 2134 44st

215 2174 223 2182 .
257 2155 287 2181 α

220 2294 242 2331 1
276 2287 467 2332 πάντων
500 2289 589 2332 Ma
625 2287 707 2332 sed
739 2306 766 2332 ν
799 2302 823 2332 e
857 2305 879 2338 ς
911 2301 1011 2331 corr
1041 2287 1112 2331 m²
1233 2293 1258 2330 2
1293 2288 1334 2332 εἰ
1366 2289 1474 2331 ante
1506 2287 1586 2331 καὶ
1610 2288 1666 2331 Η

14 2371 16 2375 >
86 2351 111 2390 3
154 2346 406 2402 προσήκειν
440 2346 627 2404 reposui
660 2360 715 2391 ex
747 2347 1277 2392 HLaViMaLaeran
1344 2352 1578 2402 προσῆκεν
1610 2348 1656 2391 Β
1689 2346 1779 2390 edd

91 2405 240 2510 3³55&
275 2407 461 2510 repoZui
493 2421 518 2451 e
549 2406 683 2508 librgs
717 2407 846 2482 *ἐμοὶ
878 2406 997 2510 edgff
1029 2465 1047 2490 8
1091 2413 1117 2450 5
1150 2405 1299 2509 ἱξρὲὶζς
1321 2400 1380 2461 ἧν
1406 2406 1495 2510 Ιέα
1522 2408 1528 2461 1
1555 2408 1781 2508 τὲῦθεξῃὺε

86 2480 511 2580 ξᾷοεὲἰνέςῧοιᾌν
527 2524 610 2568 sed
641 2479 917 2582 γὲυέοὲῖῗκθιῑ
930 2481 1146 2581 sugrascr
1181 2467 1543 2568 Μιῇρωιδοῦῖφάιι
1571 2481 1780 2566 οὲἀηναι

88 2588 113 2626 9
146 2582 534 2642 βεβουλευμένους
567 2585 668 2630 Gan
705 2586 712 2640 Ι
754 2583 915 2639 πράως
955 2585 1104 2628 ViMa
1134 2583 1236 2627 Mor
1359 2587 1413 2626 10
1448 2583 1654 2639 ἔπεμψεν
1687 2583 1742 2626 Η

90 2641 215 2698 φύγη
249 2644 338 2687 Μα
461 2647 513 2686 11
547 2650 630 2687 τοῦ
660 2644 799 2701 θεοῦ]
830 2646 960 2687 θεῶν
992 2643 1094 2687 Mor
1135 2646 1140 2698 Ι
1185 2645 1450 2701 συμμαχίαν
1482 2642 1583 2685 Mor
1615 2641 1697 2685 sed
1725 2658 1782 2697 γρ

16 2722 17 2725 “
88 2699 351 2755 θεραπείαν
383 2702 433 2745 in
463 2715 598 2759 marg
720 2707 773 2745 12
808 2699 894 2746 οὖν
926 2716 1001 2746 om
1035 2701 1135 2746 Gan
1166 2701 1268 2745 Mor
1294 2704 1300 2758 Ι
1327 2718 1371 2744 τι
1403 2703 1513 2744 ante
1543 2698 1670 2744 τοῦτ’
1706 2700 1781 2744 La

99 2760 156 2803 Vi
187 2762 233 2803 et
262 2760 389 2804 inser
420 2761 530 2804 Ma⁸
564 2765 570 2816 Ι
603 2767 741 2804 τοῦτο
776 2762 876 2806 Gan
906 2761 1008 2804 Mor
1130 2765 1184 2804 13
1217 2761 1525 2813 κατεύξεσθαι
1558 2759 1723 2815 scripsi

90 2818 408 2872 κατεύξασθαι
446 2819 554 2863 libri
586 2820 678 2864 edd
823 2825 877 2863 14
916 2820 999 2864 τὸν
1037 2820 1163 2863 inser
1196 2819 1308 2863 Ma⁸
1452 2824 1506 2863 15
1526 2824 1529 2826 ’
1549 2818 1782 2875 πράγματι

20 2902 22 2905 ·
94 2877 206 2922 Gan
241 2881 247 2933 Ι
325 2878 428 2937 τοῦ]
459 2886 521 2923 τῶ
554 2880 688 2923 Laur
809 2884 864 2922 16
897 2876 1160 2933 ἐξεπίτηδες
1191 2893 1266 2922 om
1296 2880 1341 2922 B
1370 2912 1374 2918 .
1465 2882 1519 2921 18
1560 2876 1787 2932 ἐξαίφνης

95 2936 183 2980 Ma
213 2937 295 2979 sed
320 2937 400 2989 ἐξα
423 2938 472 2981 in
496 2951 572 2980 ras
596 2937 666 2980 m³
787 2942 840 2981 19
875 2937 983 2994 ἡμῖν
1006 2938 1192 2993 reposui
1226 2951 1249 2980 e
1280 2936 1415 2980 libris
1475 2936 1605 2992 ἡμῶν
1633 2936 1721 2979 edd
