2026 3192
519 118 748 163 LIBANII
778 91 1038 163 LEGATIo
1071 118 1347 162 MENELAI
1714 118 1820 170 183

127 263 255 310 tinet
293 259 428 308 foliis
467 260 803 323 palimpsestis
842 259 958 307 inde
992 275 1021 307 a
1055 261 1156 307 201
1196 252 1341 325 (olim
1376 251 1468 323 92)
1501 257 1698 306 Libanii
1739 259 1821 306 de-

127 334 450 384 clamationes

241 410 343 457 201
380 405 568 471 σκέμμα
601 404 626 455 ὀ
658 405 974 471 πομπηιανὸς
1004 406 1323 474 προῦβαλλεν.
1371 406 1599 472 λιβανίου
1634 403 1821 470 μελέται

127 489 214 531 τοῦ
247 488 485 544 σοφιστοῦ
519 475 700 549 (rubr.)

238 554 361 620 ἔχων
391 555 464 615 τίς
492 560 705 621 γυναῖκα
735 553 817 604 καὶ
849 552 919 604 ὢν
950 553 1048 604 ὑπὸ
1081 553 1228 619 πατρὶ
1252 571 1363 603 cum
1386 555 1581 603 theoria
1607 548 1763 621 (639)

244 630 375 679 208v
407 629 715 695 φιλαργύρου
746 634 863 689 παῖς
894 627 1182 695 ἀριστεύσας
1214 622 1372 696 (622)

242 706 344 752 217
380 702 630 768 φθονερὸς
661 711 748 752 τοῦ
779 704 995 769 γείτονος
1027 703 1180 752 αὐτοῦ
1211 702 1576 766 πλουτήσαντος
1608 696 1765 770 (159)

241 778 346 826 228
394 785 549 843 κυροῦ
598 777 881 843 νικηφόρου
935 784 1023 827 τοῦ
1070 776 1311 842 βασιλάκη
1363 770 1527 843 (rubr)
1576 777 1712 837 τίνας
1759 774 1821 825 ἂν

126 851 255 901 είποι
286 850 462 917 λόγους
494 851 655 915 δανάη
687 850 784 900 ὑπὸ
817 850 921 910 διὸς
952 852 1022 911 εἰς
1060 850 1243 916 χρυσὸν
1283 849 1675 915 μεταβληθέντος
1714 851 1822 900 δια-

125 929 526 992 παρθενευθεῖσα
556 926 657 975 Inc.
682 915 744 975 Ὦ
776 925 924 988 πάτερ
955 924 1142 990 ἀκρίσιε
1174 920 1340 993 (Walz
1373 926 1515 974 Rhet.
1540 943 1611 988 gr.
1637 926 1662 972 I
1687 919 1819 992 476)

241 1002 344 1048 229
380 999 634 1059 Δύσκολος
663 1000 824 1065 γήμας
856 999 1004 1049 λάλον
1036 994 1195 1067 (134)

243 1076 346 1123 237
381 1072 549 1138 λοιμὸς
580 1073 735 1139 ἐπεῖχε
765 1074 857 1138 τὴν
887 1072 1033 1122 πόλιν
1067 1067 1224 1141 (724)

243 1150 349 1197 244
374 1147 496 1213 ἔχων
521 1167 592 1208 τις
616 1149 796 1208 παῖδας
821 1148 911 1197 δύο
936 1147 1060 1211 πρὸς
1083 1146 1169 1197 τὸν
1193 1146 1356 1213 ἕτερον
1379 1147 1642 1212 ἐχθρωδῶς
1661 1142 1817 1213 (669)

243 1224 375 1271 252*
399 1223 707 1288 φιλαργύρου
731 1226 848 1281 παῖς
870 1229 958 1271 τοῦ
982 1221 1165 1285 πατρὸς
1189 1221 1343 1272 αὐτοῦ
1367 1221 1643 1286 κάμνοντος
1661 1215 1817 1288 (654)

242 1298 374 1346 259v
402 1295 519 1360 μετὰ
549 1296 714 1363 τροίας
745 1296 928 1346 ἅλωσιν
960 1291 1118 1364 (110)

242 1372 347 1418 270
380 1368 671 1435 ἀφαιρεθεὶς
702 1369 922 1436 ἆχιλλεὺς
953 1378 1039 1436 τῆς
1070 1371 1326 1436 βρισηίὸος
1358 1364 1478 1438 (80)

242 1446 374 1493 282v
397 1443 821 1509 πρεσβευτικὸς
852 1443 996 1510 πρὸς
1027 1443 1165 1504 τοὺς
1189 1452 1375 1508 τρῶας
1398 1442 1542 1504 ὑπὲρ
1568 1452 1668 1509 τῆς
1701 1442 1821 1494 ἕλε’-

129 1538 251 1581 νης.
285 1515 574 1578 ὀδυσσεύς

242 1595 373 1642 295³*
410 1591 533 1656 πρὸς
570 1591 656 1642 τὸν
696 1590 941 1652 ὀδυσσέως
979 1592 1033 1643 ἐν
1072 1597 1225 1653 λιταῖς
1267 1591 1642 1658 πρεσβευτικόν,
1689 1590 1822 1641 ἀντι-

127 1667 267 1732 λογία
297 1664 523 1732 ἄχιλλέως

241 1743 346 1790 308
380 1742 807 1806 πρεσβευτικὸς
839 1741 984 1805 πρὸς
1016 1740 1152 1801 τοὺς
1183 1748 1370 1806 τρῶας
1393 1738 1537 1807 ὑπὲρ
1570 1749 1671 1805 τῆς
1694 1739 1822 1790 515-

128 1833 250 1878 νης.
284 1814 569 1878 μενέλεως
602 1832 714 1864 cum
744 1817 939 1865 theoria
971 1818 1022 1864 et
1052 1816 1252 1865 scholiis
1283 1816 1686 1864 interlinearibus

234 1890 337 1937 312
373 1888 458 1948 τὰς
488 1889 687 1949 πλείους
725 1889 937 1953 ψήφους
976 1894 1170 1954 κρατεῖν
1203 1883 1376 1957 (502).
1424 1889 1537 1939 Des.
1570 1890 1642 1938 fol
1675 1891 1821 1938 316'.

238 1963 439 2025 Inspexi
469 1967 519 2012 et
550 1981 575 2012 e
606 1967 747 2027 parte
783 1965 972 2013 contuli
1011 1980 1140 2013 anno
1177 1965 1333 2013 1880.
1395 1963 1740 2012 Protheoriam
1773 1966 1823 2012 et

126 2037 379 2085 theorema
412 2032 497 2102 (cf.
528 2055 574 2099 p.
599 2033 734 2104 210)
768 2039 982 2087 contulit
1013 2038 1255 2086 Henricus
1287 2033 1530 2102 Lebegue.

239 2111 425 2160 Iterum
464 2112 592 2160 alius
632 2115 706 2160 est
750 2112 869 2160 ordo
908 2113 1329 2161 declamationum
1367 2114 1420 2160 in
1460 2113 1631 2176 ecloga
1672 2128 1822 2174 quam

129 2185 336 2247 praebet
366 2186 516 2234 codex

242 2260 325 2308 53.
350 2260 675 2309 Vaticanus
701 2260 1018 2309 Palatinus
1043 2278 1114 2324 gr.
1142 2262 1246 2308 213
1272 2262 1458 2323 partim
1482 2253 1576 2326 (fol
1598 2253 1802 2325 1—40)
1822 2272 1907 2312 196

128 2333 415 2382 chartaceus
447 2335 632 2395 partim
667 2331 755 2397 (41
778 2328 873 2401 sq.)
905 2334 1229 2396 bombycinus
1261 2335 1451 2382 formae
1482 2336 1692 2396 quartae
1717 2349 1821 2382 ma-

127 2406 248 2455 ioris
274 2408 458 2456 saeculi
474 2407 592 2455 XIV
609 2408 694 2471 qui
718 2411 940 2457 continet
962 2411 1077 2471 post
1099 2406 1432 2473 προλεγόμενα
1447 2414 1535 2470 τῆς
1558 2407 1821 2472 ῥητορικῆς

129 2483 179 2528 et
211 2474 493 2544 ’Λφθονίου
532 2481 954 2547 προγυμνάσματα
993 2476 1145 2548 (quae
1185 2482 1381 2531 saeculo
1414 2481 1503 2528 XV
1543 2483 1596 2529 in
1636 2481 1819 2530 chartis

127 2554 162 2602 f.
203 2556 382 2604 1—40
422 2556 607 2617 scripta
646 2550 784 2621 sunt)
826 2559 875 2604 et
913 2559 1027 2618 post
1063 2549 1393 2621 Ἑρμογένους
1422 2552 1598 2620 τέχνην
1629 2554 1819 2620 ῥητορι-

127 2625 224 2690 κὴν
256 2622 312 2695 (f.
339 2627 618 2694 41—137)
653 2632 703 2678 et
733 2632 848 2693 post
871 2630 1080 2679 Luciani
1111 2630 1335 2692 dialogos
1361 2625 1418 2696 (f.
1447 2631 1547 2677 141
1565 2623 1818 2696 1)-24Ο)

129 2703 179 2748 et
202 2701 391 2750 Moschi
413 2702 649 2752 Amorem
672 2704 944 2767 fugitivum
968 2697 1125 2770 (243)
1151 2704 1264 2751 inde
1290 2719 1319 2750 a
1341 2703 1463 2752 folio
1491 2705 1596 2751 244
1621 2702 1819 2750 Libanii

130 2773 512 2825 declamationes
543 2778 710 2827 hasce:

251 2932 293 2987 1)
318 2931 451 2975 Folia
469 2935 702 2976 138—140
728 2946 875 2988 aeque
900 2935 1042 2988 atque
1059 2937 1143 2975 241
1170 2932 1219 2975 et
1242 2936 1326 2975 242
1344 2945 1491 2976 vacua
1514 2931 1680 2976 relicta
1696 2932 1816 2975 sunt.
