2026 3192
720 126 992 172 NEPTUNI
1022 126 1200 171 ACTIO
1695 126 1804 176 419

114 272 406 328 κινοῦντος
444 267 505 318 τὸ
546 264 704 334 ξίφος
742 265 854 333 ἥκω
899 264 1063 332 δίκην
1103 260 1231 332 παρ’
1271 263 1443 315 αὐτοῦ
1485 265 1808 331 ληψόμενος,

115 354 144 407 ὃ
200 350 375 423 μόνον
428 363 543 418 τοῖς
596 352 950 423 ἠδικημένοις
1005 354 1082 416 εἰς
1136 355 1503 421 παραμυθίαν
1557 353 1810 404 λείπεται.

116 445 200 497 δεῖ
239 444 300 497 δὲ
339 442 569 497 ἕκαστον
608 443 766 513 ὑμῶν
803 442 875 511 ἣν
914 441 985 495 ἂν
1024 439 1169 512 εἶχεν
1210 441 1380 511 ὀργὴν
1416 442 1581 504 αὐτός
1616 461 1667 494 τι
1699 460 1810 493 τοι-

115 540 286 586 οῦτον
323 533 637 597 πεπονθώς,
676 533 845 602 ταύτῃ
886 534 1201 602 χρήσασθαι
1239 529 1329 583 καὶ
1369 538 1479 583 νῦν
1519 530 1579 583 ἐν
1617 536 1691 601 τῷ
1729 531 1810 583 δι-

114 622 296 687 κάζειν
335 621 424 675 ἐπὶ
463 630 680 676 τοῦτον.
719 622 780 675 τὸ
823 622 925 691 γὰρ
967 622 1100 674 αὐτὸ
1140 619 1231 673 καὶ
1272 621 1492 673 δίκαιον
1525 617 1617 672 καὶ
1658 622 1811 672 λυσι-
1858 641 1878 672 5

114 714 312 764 τελοῦν
358 712 448 764 καὶ
496 711 778 781 φυλάττον
830 720 895 781 τῇ
950 714 1186 782 τιμωρίᾳ
1238 718 1355 772 τοῖς
1410 710 1601 771 ἄλλοις
1655 714 1815 770 θεοῖς

114 802 246 863 τοὺς
285 798 512 853 ἑαυτῶν.

229 889 275 942 2.
325 891 437 958 Τὴν
474 886 577 959 μὲν
615 885 721 943 οὖν
760 889 1055 942 ἐπιείκειαν
1093 889 1195 958 τὴν
1237 887 1375 958 ἐμὴν
1415 886 1467 951 ἐξ
1509 887 1681 940 αὐτοῦ
1713 895 1813 940 τοῦ

115 985 223 1031 νῦν
262 978 559 1046 γινομένου
598 979 864 1049 πάρεστιν
909 979 1044 1047 ὑμῖν
1092 978 1242 1048 ὁρᾶν.
1295 979 1628 1049 δικαστηρίῳ
1676 985 1814 1047 χρῶ-

116 1087 213 1136 μαι
252 1070 432 1137 παρὸν
471 1076 534 1138 τῇ
575 1069 730 1138 χειρί.
770 1066 862 1120 καὶ
902 1068 1006 1138 γὰρ
1040 1069 1088 1120 εἰ
1119 1067 1253 1130 θεὸς
1287 1065 1377 1119 καὶ
1410 1062 1590 1135 οὗτος,
1631 1067 1812 1135 ὥσπερ
1838 1086 1881 1119 10

115 1156 272 1225 ἡμῶν
310 1155 559 1224 ἕκαστος,
607 1153 724 1210 ἀλλ’
771 1159 854 1210 ἔνι
892 1177 986 1224 μοι
1031 1158 1381 1226 πολλαχόθεν
1431 1157 1493 1209 τὸ
1534 1157 1820 1209 δύνασθαί

116 1266 167 1298 τι
206 1244 392 1298 πλέον.
432 1245 576 1312 ὅμως
615 1242 677 1298 δὲ
724 1246 825 1299 οὐκ
874 1244 1068 1318 ᾠήθην
1116 1247 1236 1298 δεῖν
1282 1243 1363 1297 ἐπ’
1410 1243 1578 1314 ἔργον
1624 1245 1815 1298 ἐλθεῖν

117 1334 239 1387 ἀντὶ
280 1336 474 1403 λόγων.
508 1334 536 1387 ὃ
571 1336 638 1403 δὴ
673 1336 893 1389 δίκαιον
923 1334 1066 1402 ὑμᾶς
1096 1334 1502 1404 αἰσχυνθέντας
1535 1337 1814 1404 βοηθῆσαι

116 1430 193 1496 τῷ
231 1426 333 1491 τὴν
371 1427 641 1494 τιμωρίαν
679 1422 766 1494 ἐφ’
813 1424 949 1494 ὑμῖν
982 1423 1344 1496 πεποιημένῳ.
1422 1424 1470 1476 3.
1510 1423 1543 1493 ἡ
1576 1420 1678 1493 μὲν
1710 1419 1816 1477 οὖν

118 1512 485 1581 ἀγανάκτησις
523 1513 698 1583 ὑμῶν,
736 1515 824 1583 ἥν,
865 1514 938 1577 ὡς
969 1514 1239 1583 ἠκούσατε
1278 1514 1339 1566 τὸ
1379 1522 1602 1583 πρῶτον
1642 1513 1816 1575 εὐθὺς
1839 1532 1882 1565 15

116 1606 488 1671 τετολμῆσθαι
535 1604 635 1657 τὸν
682 1605 887 1672 φόνον,
936 1603 1216 1673 ἐσχήκατε,
1263 1605 1402 1671 καλή
1448 1622 1507 1656 τε
1553 1600 1643 1656 καὶ
1686 1601 1815 1672 πρέ-

117 1705 299 1743 πουσα
335 1696 516 1758 θεοῖς,
565 1688 645 1745 ὧν
683 1690 859 1761 ἐστιν,
907 1686 1083 1760 οἶμαι,
1137 1692 1312 1761 μηδὲν
1358 1692 1510 1760 ὠμὸν
1550 1691 1813 1759 ἐπαινεῖν,

119 1778 276 1843 ἄξιον
315 1777 375 1833 δὲ
414 1781 520 1834 κάν
557 1789 622 1851 τῇ
664 1783 830 1854 ψήφῳ
877 1789 1109 1850 τηρῆσαι
1157 1783 1258 1850 τὴν
1303 1782 1533 1850 γνώμην
1577 1783 1814 1851 τήμερον

117 1868 208 1922 καὶ
247 1870 319 1938 μὴ
360 1868 495 1940 πρὶν
532 1871 635 1939 μὲν
674 1869 824 1940 δεῦρ’
870 1871 1027 1939 ἥκειν
1072 1881 1255 1940 μισεῖν
1298 1872 1360 1924 τὸ
1407 1869 1814 1941 πεπραγμένον,

120 1957 341 2028 ἑτέρους
389 1956 449 2013 δὲ
496 1959 557 2012 ἐν
602 1966 678 2031 τῷ
729 1962 1061 2032 δικαστηρίῳ
1109 1960 1373 2028 γενέσθαι
1426 1961 1515 2013 καὶ
1571 1967 1814 2028 φανῆναι
1839 1979 1883 2011 20

118 2055 193 2120 τῷ
232 2048 539 2121 κρινομένῳ
575 2047 581 2119 Ι
615 2052 1032 2119 παραπλησίους
1070 2051 1169 2103 τὸν
1206 2051 1430 2119 τρόπον.
1478 2048 1545 2102 ὃν
1583 2051 1635 2102 εί
1678 2052 1901 2097 RIV403

242 2273 295 2312 13
330 2268 476 2327 [Lyn]
509 2267 620 2325 epit.
652 2285 697 2326 p.
726 2274 870 2324 193‚8
992 2275 1045 2313 21
1079 2270 1131 2314 ΙΙ.
1166 2286 1186 2313 ε
1219 2274 1301 2313 831
1338 2271 1385 2313 et
1416 2274 1502 2313 889

241 2481 267 2517 3
306 2475 436 2532 ἡμῶν
477 2477 534 2521 Vi
582 2478 589 2529 Ι
639 2475 779 2528 αὐτός
816 2494 859 2520 τι
898 2484 1112 2522 τοιοῦτον
1144 2477 1310 2534 scripsi
1342 2490 1366 2520 e
1409 2478 1743 2522 ViVaBMaGl

122 2534 263 2585 αὐτὸς
292 2542 476 2579 τοιοῦτο
509 2536 604 2581 ΗΟ
630 2536 722 2579 edd
866 2540 890 2579 7
924 2537 1078 2581 αὑτῶν
1110 2538 1156 2581 Β
1218 2537 1371 2580 αὐτῶν
1403 2537 1459 2579 H
1467 2535 1685 2581 VaMaCz

124 2598 150 2637 9
181 2593 427 2652 γινομένου
459 2595 622 2651 scripsi
647 2608 703 2638 ex
730 2595 883 2640 HBGl
943 2595 1216 2653 γιγνομένου
1242 2596 1301 2640 Vi
1312 2597 1378 2640 Va
1410 2595 1501 2639 edd
1563 2594 1814 2652 γενομένου

126 2653 164 2698 0
192 2653 274 2697 sed.
306 2670 322 2696 ι
354 2667 496 2710 supra
520 2669 540 2698 ε
568 2654 651 2708 m¹‚
679 2655 766 2698 Ma
798 2655 879 2698 sed
903 2670 953 2712 γε
983 2656 1032 2698 in
1064 2669 1139 2698 ras
1163 2654 1234 2697 m’
1356 2659 1410 2698 10
1442 2655 1592 2711 καὶ(2)
1625 2668 1700 2698 om
1725 2655 1771 2698 B

124 2710 276 2767 ὥσπερ
311 2713 364 2757 Cz
394 2714 473 2757 sed
507 2727 568 2757 σπ
598 2713 648 2757 in
679 2727 754 2757 ras
785 2713 855 2757 m²
977 2719 1028 2757 11
1069 2714 1197 2770 ὑμῶν
1229 2715 1275 2758 Β
1398 2719 1452 2757 15
1493 2714 1554 2764 ὡς
1584 2713 1710 2757 inser
1742 2714 1815 2758 Gl-

129 2772 134 2829 Ι
169 2778 407 2826 τοπρῶτον
440 2773 484 2815 Β
609 2777 661 2816 16
695 2772 846 2829 φόνον
872 2774 963 2817 Μα
986 2774 1067 2817 sed
1091 2790 1147 2829 γρ
1173 2772 1363 2828 φθόνον
1391 2787 1604 2829 suprascr
1626 2772 1697 2815 m²

128 2834 182 2873 18
215 2828 305 2874 κᾶν
339 2832 514 2876 HVaB
546 2831 636 2875 edd
663 2835 670 2888 1
697 2831 894 2888 τήμερον
925 2832 1090 2889 scripsi
1123 2845 1179 2874 ex
1210 2833 1267 2876 H
1272 2833 1330 2876 Vi
1340 2833 1548 2877 VaBMa
1617 2831 1815 2889 σήμερον

128 2889 218 2934 001
249 2890 332 2934 sed
361 2890 411 2933 in
442 2890 531 2935 hoc
562 2904 588 2934 σ
617 2890 667 2933 in
696 2907 723 2934 τ
754 2905 855 2936 corr
884 2891 968 2946 ω’,
1001 2891 1092 2936 edd
1229 2896 1283 2936 19
1315 2908 1370 2949 με
1411 2892 1514 2936 ViB
1647 2895 1704 2934 20
1734 2892 1814 2935 καὶ

127 2954 334 3005 φανῆναι
369 2962 445 2992 om
486 2950 544 2995 Vi

1369 3025 1459 3067 27*
