2026 3192
258 117 365 170 368
725 116 954 162 LIBANII
989 117 1380 164 DEOLAMATIO
1413 120 1477 165 VI

255 259 464 306 redeunt
503 258 753 319 exemplar
794 258 921 319 quod
972 275 1029 306 ex
1078 259 1248 308 eodem
1294 262 1519 310 manavit
1555 264 1692 312 fonte
1738 281 1833 326 quo
1875 266 1948 314 Va

256 333 421 381 codex·
440 331 746 380 sublestioris
772 348 925 394 quam
955 333 1033 380 illi
1057 333 1172 380 fidei
1204 349 1262 382 ac
1285 351 1344 381 ne
1378 336 1804 399 interpolamentis
1838 341 1947 401 qui-

254 407 366 454 dem
389 406 515 454 liber
538 399 620 472 (cf.
646 423 692 468 p.
722 408 842 468 382,
863 400 933 473 2).
967 407 1234 469 Exemplar
1258 425 1282 455 e
1308 425 1405 471 quo
1430 411 1480 457 B
1503 410 1649 459 fluxit
1671 415 1892 473 proxime
1918 429 1948 461 a

253 482 336 529 La
361 482 514 529 stetit.
549 480 622 527 Ex
647 481 817 528 eodem
841 481 929 529 illo
947 482 1218 543 exemplari
1242 482 1340 531 duo
1366 484 1501 532 facta
1522 487 1636 532 sunt
1660 489 1949 550 apographa

254 571 466 618 quorum
497 571 650 602 unum
682 554 932 603 codicibus
963 555 1032 603 M
1039 557 1110 616 Vi,
1144 557 1355 604 alterum
1386 558 1546 607 Maol
1581 561 1873 609 continetur.

364 629 628 678 Rationem
670 629 826 693 igitur
866 645 993 691 quae
1031 631 1163 677 inter
1199 631 1289 678 hos
1329 632 1519 681 codices
1558 634 1820 683 intercedit
1856 637 1948 684 hoc

251 705 346 753 tibi
375 704 550 753 reddet
581 705 811 751 stemma:

611 845 1072 1076 Η
1285 891 1313 934 ‘¹
1487 951 1510 994 f

341 960 953 1305 ΗἏἏΟΧΧῩᾋΧΧ
1141 1035 1349 1219 Lase
1401 1025 1516 1328 λέ
1559 1071 1685 1244 ἿΪΙΧ

939 1328 1013 1373 va
1241 1387 1286 1425 χ
1363 1259 1413 1303 Μ
1500 1263 1627 1389 Villa
1704 1262 1756 1308 CI

1267 1449 1304 1492 Β

355 1573 414 1621 In
460 1575 746 1622 universum
801 1575 881 1622 hic
930 1590 1123 1637 quoque
1170 1577 1308 1636 prior
1355 1575 1551 1622 familia
1598 1575 1806 1623 alteram
1852 1575 1945 1622 fide

253 1651 468 1710 superat.
514 1648 585 1697 Of.
617 1666 663 1711 p.
691 1649 814 1711 389,
834 1650 898 1697 16
920 1665 990 1710 sq.

363 1723 476 1771 Non
508 1723 669 1771 solum
701 1723 1045 1787 apographum
1071 1716 1151 1790 (g)
1177 1739 1203 1772 e
1236 1739 1331 1785 quo
1356 1724 1422 1770 M
1443 1725 1492 1771 et
1525 1724 1586 1772 Vi
1616 1725 1948 1772 manaverunt

250 1798 495 1859 imprimis
528 1798 581 1844 in
611 1797 876 1846 verborum
908 1797 1231 1846 collocatione
1263 1799 1423 1846 multa
1446 1799 1654 1847 novavit
1684 1798 1769 1846 sed
1799 1815 1860 1845 ne
1884 1798 1951 1845 M

254 1871 452 1932 quidem
491 1871 595 1934 ipse
636 1872 698 1920 ab
730 1871 1182 1934 interpolamentis,
1222 1875 1280 1919 ut
1310 1889 1356 1934 p.
1384 1873 1507 1932 408,
1529 1873 1593 1919 16
1638 1871 1798 1921 verbis
1842 1877 1946 1930 πῶς

252 1944 307 1993 αἱ
333 1949 484 2010 χεῖρες
517 1943 894 2010 ὑπηρετήσουσι,
926 1946 1052 1993 liber
1082 1947 1160 1994 ist.
1223 1946 1283 1994 In
1326 1947 1491 1994 codice
1525 1948 1623 1994 Ma
1655 1946 1944 2008 corrigendo

251 2035 428 2068 manus
461 2021 675 2068 secunda
699 2022 743 2068 si
766 2022 928 2067 minus
953 2020 1002 2067 B
1033 2021 1196 2082 ipsum
1229 2024 1359 2068 certe
1385 2021 1600 2068 codicem
1626 2021 1739 2068 huic
1768 2035 1944 2083 cogna-

250 2095 379 2154 tum,
426 2110 600 2142 manus
646 2095 797 2142 tertia
846 2094 1062 2142 codicem
1115 2094 1335 2143 familiae
1375 2096 1442 2142 Μ
1450 2096 1510 2143 Vi
1556 2094 1795 2142 adhibuit.
1873 2092 1944 2142 Of.

251 2184 296 2229 p.
325 2169 560 2230 378,13;
595 2170 828 2230 373,13;
863 2170 1097 2230 375,12;
1133 2170 1329 2231 379,7;
1363 2170 1588 2230 397,19.

362 2242 581 2291 Numero
615 2243 838 2291 codicum
870 2243 1134 2305 respondet
1166 2245 1309 2304 copia
1339 2243 1751 2291 testimoniorum.

361 2317 649 2365 Maximus
683 2318 813 2365 enim
844 2310 1197 2383 Planudes1)
1231 2333 1330 2365 non
1362 2317 1524 2364 minus
1549 2315 1942 2379 quattuordecim

250 2390 383 2438 locos
400 2390 642 2452 laudavit,
659 2391 957 2439 Macarius
981 2385 1554 2456 Ohrysooephalus2)
1572 2390 1751 2452 decem,
1771 2391 1945 2437 auctor

251 2464 554 2527 florilegii
583 2465 715 2526 quod
733 2465 897 2513 codice
915 2465 1323 2526 Neapolitano
1341 2465 1391 2511 II
1411 2464 1445 2512 C
1466 2466 1531 2512 32
1555 2459 1676 2530 (non
1697 2466 1780 2524 33,
1797 2466 1854 2511 ut
1870 2465 1944 2511 est

250 2539 301 2584 in
334 2539 560 2602 catalogo
588 2537 858 2600 Cyrilliano
884 2538 973 2586 sub
998 2533 1133 2605 XCI)
1145 2533 1186 2606 3)
1214 2539 1471 2586 chartaceo
1506 2538 1689 2586 saeculi
1714 2538 1806 2585 XV
1831 2553 1941 2585 con-

248 2613 437 2660 tinetur
453 2606 547 2678 (=
563 2606 728 2678 Neap)
746 2616 861 2674 tres,
881 2612 1134 2660 Ioannes
1162 2611 1272 2675 Gly
1284 2628 1381 2675 cys
1406 2630 1556 2659 unum
1584 2629 1628 2674 p.
1650 2612 1849 2672 378,16
1869 2626 1940 2672 sq.

372 2771 414 2824 1>
446 2767 512 2813 Cf.
547 2783 687 2824 supra
717 2784 759 2824 p.
790 2772 888 2812 196.
921 2770 953 2812 t.
978 2768 1000 2812 I
1030 2783 1075 2824 p.
1104 2773 1171 2812 73.

372 2829 414 2883 2)
449 2825 514 2870 Cf.
548 2829 582 2871 t.
607 2827 628 2869 I
658 2842 702 2883 p.
730 2832 812 2872 351
833 2842 899 2883 sq.

370 2888 413 2943 3)
449 2886 556 2930 Fuit
586 2886 626 2929 is
666 2886 777 2930 olim
816 2887 863 2929 in
907 2885 1190 2930 bibliotheca
1230 2885 1740 2943 Augustinensium
1781 2885 1823 2929 S.
1855 2884 1939 2928 Io-

253 2944 415 2988 annis
448 2945 514 2987 ad
550 2943 975 2996 Carbonariam‚
1011 2945 1141 2988 cuius
1174 2946 1221 2988 in
1253 2945 1407 2988 indice
1438 2943 1618 3000 publici
1649 2944 1762 2987 iuris
1795 2957 1823 2986 a
1854 2943 1938 2986 Fa.-
