2026 3192
248 134 358 186 480
716 131 945 176 MBANII
973 131 1364 176 DECLAMATIO
1397 108 1457 175 15<

357 270 444 321 43.
493 264 660 332 Εῖξον
708 268 800 335 δή,
854 268 991 337 πρὸς
1029 277 1141 321 τῶν
1177 273 1354 335 θεῶν,
1406 269 1546 337 πρὸς
1583 279 1695 323 τῶν
1732 270 1939 337 ναυμα-

250 368 407 426 χιῶν,
454 358 590 426 πρὸς
636 364 736 409 τοῦ
778 359 1033 423 Πυθίου,
1072 356 1210 425 πρὸς
1240 352 1479 426 Ἰάκχου,
1525 359 1662 428 πρὸς
1709 358 1938 428 Βορέου,

248 448 386 515 πρὸς
425 454 520 515 τῆς
558 448 717 508 θείας
757 449 1092 514 Σαλαμῖνος,
1131 444 1332 513 σβέσον
1371 447 1471 515 τὴν
1511 446 1700 517 ὀργήν,
1740 449 1939 519 γνώρι-

249 550 350 589 σον
389 536 488 588 τὸν
526 534 745 604 πατέρα.
794 535 969 605 πατὴρ
1017 533 1124 603 ἐγὼ
1166 537 1284 602 σός,
1331 537 1383 587 εἰ
1425 533 1515 588 καὶ
1565 534 1939 605 παρωξύνθην

206 648 223 679 5
249 624 393 678 ποτέ.
434 625 500 677 οὐ
541 625 645 693 γὰρ
685 625 747 676 τὸ
787 621 911 692 παρ’
962 622 1094 692 ἐμοῦ
1136 638 1196 677 σε
1239 623 1526 692 γεγονέναι
1573 625 1803 678 δύναται
1844 631 1937 679 λυ-

248 719 418 782 θῆναι
466 716 642 784 νόμῳ,
689 711 826 765 ἀλλὰ
871 711 976 764 κᾶν
1022 713 1200 765 πάντα
1247 719 1527 783 συγχυθῇ,
1576 717 1824 782 Νεοκλῆς
1878 730 1938 768 σε

248 801 628 871 γεγέννηκεν,
658 799 699 854 ὦ
755 809 876 869 παῖ,
932 799 1021 854 καὶ
1076 809 1239 855 τοῦτο
1295 803 1396 855 οὐκ
1450 801 1521 855 ὀὲν
1561 803 1738 865 ἄλλως
1783 805 1937 873 σχοίη

246 891 391 943 ποτέ.
468 891 553 942 44.
603 889 808 959 πατέρα
855 886 958 943 οὖν
1006 889 1179 942 ἀνιῶν
1225 896 1380 953 θεοῖς
1428 890 1530 943 οἴει
1577 891 1938 961 κεχαρισμένα

246 990 449 1049 ποιεῖν,
506 979 605 1032 οὐκ
654 975 799 1032 οἷσθ’
857 979 937 1032 ὅτι
991 978 1116 1047 μεθ’
1169 980 1325 1048 ἡμῶν
1371 979 1663 1049 ἑστήκασιν
1711 981 1770 1034 ἐν
1820 991 1938 1044 ταῖς

182 1092 224 1125 10
247 1070 385 1137 πρὸς
430 1069 496 1121 τὰ
541 1067 704 1121 τέκνα
752 1070 1068 1136 διαφοραῖςς
1124 1069 1226 1121 οὐκ
1272 1070 1513 1136 ἤκουσας
1545 1067 1781 1140 Ὁμήρου
1828 1090 1938 1123 τοι-

249 1159 416 1211 οῦτόν
469 1178 520 1210 τι
577 1156 855 1225 λέγοντος;
912 1162 1064 1210 θεῶν
1118 1153 1179 1210 δὲ
1232 1158 1320 1210 καὶ
1375 1165 1469 1226 τῆς
1525 1155 1651 1227 παρ’
1713 1157 1939 1212 ἐκείνων

250 1246 469 1308 εὐνοίας
508 1247 675 1299 ἅπασι
713 1246 815 1313 μὲν
856 1245 1177 1314 ἀνθρώποις
1216 1240 1366 1315 οἶμαι
1406 1248 1550 1314 δεῖν,
1596 1249 1829 1314 μάλιστα
1877 1245 1937 1301 δὲ

247 1345 362 1397 τοῖς
398 1337 464 1388 τὰ
502 1333 728 1403 μέγιστα
767 1335 1105 1402 πράττουσιν
1150 1335 1307 1402 ὑμῖν,
1355 1335 1471 1389 ἐπεὶ
1517 1337 1607 1389 καὶ
1657 1345 1764 1390 νῦν
1804 1352 1938 1403 συμ-

246 1426 449 1493 μαχίαν
497 1429 655 1491 ἴσμεν
701 1425 985 1492 δαιμόνων
1023 1422 1417 1477 Ἐλευσινόθεν
1471 1424 1824 1494 ἀφικομένων
1872 1433 1936 1495 τῇ

181 1537 224 1570 15
247 1515 418 1566 πόλει.
480 1514 681 1581 ταύτης
733 1513 928 1566 τοίνυν
981 1514 1242 1582 μηδαμῶς
1303 1514 1510 1567 σαυτὸν
1564 1513 1938 1584 ἀποστερήσῃς

247 1602 384 1671 πρὸς
421 1603 488 1654 τὰ
530 1603 693 1655 λοιπὰ
731 1611 842 1654 τῶν
880 1599 1073 1671 ἔργων.
1149 1601 1237 1655 45.
1277 1602 1414 1655 ἀλλὰ
1453 1599 1590 1671 μηδὲ
1628 1604 1775 1672 παρὰ
1821 1613 1936 1665 τοῖς

246 1690 566 1760 ἀνθρώποις
604 1691 705 1758 τὴν
744 1691 905 1759 χείρω
946 1691 1113 1754 δόξαν
1153 1690 1357 1761 ἐνέγκῃ.
1406 1695 1488 1754 τίς
1535 1693 1637 1761 γὰρ
1678 1691 1780 1744 οὐκ
1826 1690 1938 1759 ἐρεῖ

367 1885 391 1922 2
425 1880 532 1924 Her.
566 1880 673 1924 VIII
698 1885 766 1924 65.
814 1880 935 1924 Plut.
969 1880 1128 1924 Them.
1158 1886 1225 1925 15.
1272 1881 1464 1925 Aristid.
1497 1883 1530 1925 t.
1559 1881 1602 1924 II
1632 1897 1675 1938 p.
1703 1886 1802 1937 282,
1822 1885 1876 1925 18
1927 1884 1932 1938 Ι

246 1939 354 1984 Her.
372 1939 455 1983 VII
477 1943 558 1982 189
684 1945 709 1983 3
734 1939 841 1983 Her.
860 1940 944 1984 VII
962 1945 1207 1984 141-143.
1242 1941 1382 1984 Anth.
1401 1940 1497 1983 Pal.
1517 1940 1621 1984 XIV
1640 1946 1707 1985 93.
1742 1941 1933 1984 Arisizid.

245 1998 276 2042 1.
303 1998 331 2042 l.
356 2015 399 2055 p.
427 2003 527 2053 282,
547 2003 600 2042 13
724 2004 776 2042 11
810 1998 862 2042 Il.
895 2016 911 2042 ι
935 2003 1021 2043 453
1041 2014 1130 2055 sq.;
1172 2016 1195 2043 ο
1226 2004 1332 2053 2Ο4;
1374 1999 1458 2043 Od.
1492 2002 1520 2058 β
1546 2005 1651 2054 1343
1683 2003 1706 2044 λ
1732 2004 1816 2043 280

250 2063 303 2100 14
335 2058 392 2102 cf.
425 2059 486 2101 ad.
518 2059 548 2102 1.
575 2063 600 2100 2
725 2063 778 2102 17
812 2058 930 2102 Plat.
966 2059 1054 2115 leg.
1082 2059 1145 2103 VI
1176 2074 1220 2115 p.
1249 2063 1331 2102 762
1351 2059 1391 2102 A

368 2240 389 2278 1
435 2232 546 2290 ἧξον
584 2237 705 2280 ΜαΙ
739 2237 820 2279 scd
860 2236 908 2278 in
948 2236 1035 2279 hoc
1073 2233 1101 2290 ἧ
1140 2237 1190 2280 in
1231 2233 1274 2281 εἴ
1310 2251 1411 2280 corr
1442 2237 1511 2280 m²
1631 2242 1655 2280 2
1701 2243 1782 2281 τοῦ
1823 2238 1931 2280 ante

248 2295 412 2351 ἰάκχου
438 2296 482 2339 L
514 2295 594 2338 sed
628 2307 750 2349 erae,
783 2296 921 2339 ILau
970 2298 976 2353 Ι
1025 2303 1107 2340 τοῦ
1140 2298 1247 2339 ante
1281 2296 1447 2352 βορέου
1471 2298 1508 2341 Ι
1643 2302 1669 2338 4
1706 2295 1792 2352 γὰρ
1825 2298 1932 2339 ante

246 2355 334 2409 ἐγὼ
361 2355 398 2398 G
421 2357 427 2410 Ι
455 2353 534 2405 σὸς
559 2354 648 2398 Μα
680 2354 761 2397 sed
795 2372 817 2405 ς
841 2367 864 2397 e
890 2372 916 2398 ν
942 2367 1043 2398 corr
1066 2354 1136 2397 m²
1257 2360 1283 2398 ὃ
1316 2355 1371 2399 οὗ
1399 2382 1451 2387 -
1479 2359 1505 2398 8
1538 2354 1649 2399 ποτέ
1678 2355 1933 2411 praemisso

246 2411 458 2469 κείμενον
495 2413 543 2456 in
583 2427 716 2470 marg
749 2413 815 2457 L²
961 2419 985 2456 6
1031 2417 1240 2471 συγχυθῇ
1282 2415 1446 2470 scripsi
1487 2428 1511 2457 e
1549 2415 1859 2459 OMaBILau
1979 2422 1981 2425 ’

247 2479 431 2529 συγχοῐς
461 2472 510 2514 in
538 2486 671 2531 marg
695 2472 761 2515 L²
823 2478 990 2529 συγχῇς
1014 2473 1105 2516 edd
1167 2472 1358 2531 συγχέῃς
1383 2473 1538 2517 Gasda
1661 2478 1684 2516 7
1718 2471 1932 2529 γεγέννη-

246 2547 325 2575 κεν
356 2531 542 2586 reposui
575 2545 599 2575 e
631 2531 763 2574 libris
797 2532 895 2588 (sed
926 2532 1156 2588 scriptura
1180 2533 1227 2575 in
1264 2532 1323 2576 Or
1353 2532 1550 2588 incerta)
1582 2546 1688 2575 cum
1720 2531 1874 2575 Gasda

245 2588 492 2646 γεγένηκεν
525 2590 615 2634 edd
748 2595 773 2634 8
800 2589 903 2646 οἴην
935 2592 1022 2635 Μα
1055 2591 1136 2634 sed.
1168 2607 1221 2646 γρ
1256 2591 1344 2635 οἴει
1376 2604 1591 2648 suprascr
1620 2591 1690 2633 m³
1738 2592 1744 2648 Ι
1793 2606 1932 2648 κεχω-

247 2647 437 2705 ρισμένα
464 2651 553 2692 Ma
699 2653 751 2692 10
785 2648 990 2704 ἀκήκοας
1016 2650 1142 2695 CMa
1286 2656 1339 2694 12
1381 2653 1455 2695 δεῖ
1476 2650 1520 2693 L
1552 2651 1634 2693 scd.
1665 2668 1692 2695 ν
1725 2649 1817 2692 add
1849 2649 1931 2704 m²‚

246 2708 369 2757 Lau,
401 2707 598 2751 fortasse
628 2710 754 2752 recte
803 2711 809 2763 Ι
859 2709 909 2752 δὲ
941 2715 1038 2758 τοῖς
1067 2708 1124 2751 τὰ
1157 2723 1230 2752 om
1266 2711 1303 2755 O
1436 2714 1488 2753 13
1520 2716 1617 2760 τοῖς
1647 2708 1704 2752 τὰ
1743 2723 1817 2752 om
1844 2710 1932 2752 Ma

251 2766 255 2823 J
292 2766 374 2822 τὴν
399 2769 506 2810 ante
531 2774 617 2812 νῦν
644 2768 682 2812 0
800 2772 854 2810 14
886 2766 1123 2823 δαιμόνων
1149 2767 1276 2823 ἴσμεν
1304 2770 1392 2812 Μα
1419 2771 1425 2824 Ι
1453 2768 1627 2812 ἕλευσιν
1655 2765 1768 2812 ὅθεν
1786 2767 1930 2811 CLau

309 2825 484 2870 ἔλευσιν
517 2827 553 2870 Ι
593 2829 600 2882 1
650 2826 950 2882 ἀφικομένων
992 2825 1157 2882 scripsi
1197 2841 1301 2870 cum
1341 2826 1497 2871 Gasda.
1573 2825 1930 2882 ἀφικνουμένων

246 2883 355 2926 libri
387 2884 478 2928 edd
617 2890 669 2928 15
701 2884 860 2929 τοίνυν
890 2885 1076 2941 reposui
1108 2899 1132 2928 c
1163 2886 1539 2930 CrGMaBILau
1599 2892 1685 2930 νῦν
1717 2887 1760 2929 L
1796 2884 1886 2928 edd
1921 2884 1926 2943 Ι

249 2943 419 2987 σαυτὸν
444 2957 519 2986 om
543 2945 577 2986 I
632 2944 773 2987 αὑτὸν
792 2946 897 2988 Lau
1023 2949 1075 2987 16
1102 2944 1160 3000 μὴ
1187 2945 1237 2989 δὲ
1255 2946 1440 2989 BILau
1562 2949 1614 2987 17
1641 2942 1828 3001 ἐνέγκῃς
1849 2943 1930 2987 OB
