2054 3192
201 83 273 136 58
702 82 930 127 LIBANII
960 83 1350 128 DECLAMATIO
1382 83 1403 128 I
1444 96 1447 99 ’

200 239 289 272 νοι
335 219 426 272 καὶ
473 219 565 272 διὰ
612 219 713 287 τὴν
759 221 1005 288 ἔμφυτον
1059 222 1473 289 μεγαλοψυχίαν
1529 215 1607 273 ὧν
1661 220 1722 274 ἐν
1769 230 1893 288 ,ταῖς

199 306 425 376 πράξεσι
466 309 566 377 τὴν
604 310 916 377 μαρτυρίαν
955 304 1123 377 εἶχον,
1162 309 1376 361 τούτων
1404 318 1526 371 ’τοῖς
1566 308 1892 362 ἐπαινοῦσιν

201 395 483 460 ἀξιοῦντες
537 395 744 449 εἰδέναι
797 396 961 466 χάριν
1017 396 1287 463 ἐκόσμουν
1341 395 1404 450 ἐν
1457 405 1532 469 τῷ
1593 397 1745 467 μέρει
1801 396 1893 451 καὶ

199 484 356 537 αὐτοὶ
403 487 533 548 τοὺς
579 486 809 553 ποιητὰς
855 484 922 538 οὐ
979 486 1188 554 δούλην
1237 493 1528 548 ποιοῦντες
1581 487 1682 554 τὴν
1729 489 1893 540 πόλιν

154 594 174 626 5
200 572 318 627 οὐδ’
368 574 770 643 ὁμολογοῦντες
809 574 947 644 πρὸς
986 574 1212 643 αὐτούς,
1261 573 1333 637 ὡς
1380 573 1449 627 ἄν
1494 575 1730 644 ὕστερον
1770 579 1892 628 Σω-

199 663 399 731 κράτης
423 664 494 732 μὴ
528 664 705 716 πάντα
737 661 934 733 ἐπαινῇ
967 663 1248 732 τάκείνων,
1275 662 1651 716 ἀποθανεῖται.
1691 665 1891 717 κωλύει

201 750 248 803 δ’
297 750 481 820 οὐδέν,
521 748 562 804 ὦ
614 750 912 820 Ἀθηναῖοι,
952 753 1082 814 τοὺς
1121 751 1322 813 αὐτοὺς
1359 750 1449 804 καὶ
1489 752 1554 805 τὰ
1594 754 1728 806 ὄντα
1765 751 1890 823 περὶ

108 843 302 888 R11128
380 847 475 908 τῆς
498 842 707 902 πόλεως
737 839 1041 909 ὑμνηκέναι
1073 838 1161 893 καὶ
1197 841 1548 907 συμβούλους
1582 838 1589 913 Ι
1624 842 1689 894 οὐ
1715 842 1892 894 πάντα

200 929 449 997 ἀγαθοὺς
487 928 787 997 γεγονέναι.

133 1040 176 1072 10
313 1017 396 1070 80.
430 1015 487 1069 ‘O
527 1018 690 1080 αὐτὸς
729 1021 923 1071 τοίνυν
969 1014 1086 1070 ἔστι
1133 1038 1226 1087 μοι
1273 1019 1436 1085 λόγος
1481 1016 1571 1070 καὶ
1619 1017 1743 1088 περὶ
1791 1027 1890 1072 τοῦ

197 1105 539 1176 μέμφεσθαι,
595 1108 789 1175 φησίν,
844 1106 1015 1159 αὐτὸν
1069 1115 1180 1159 τῶν
1235 1105 1386 1160 ἐθῶν
1439 1121 1550 1160 τισι
1604 1116 1716 1160 τῶν
1764 1107 1883 1177 παρ’

197 1196 341 1264 ἡμῖν.
413 1197 460 1248 εἰ
505 1195 607 1262 μὲν
662 1197 765 1265 γὰρ
823 1196 962 1258 ὅλως
1002 1196 1302 1266 Σωκράτης
1346 1196 1482 1249 κατὰ
1537 1204 1631 1265 τῆς
1683 1198 1891 1259 πόλεως

199 1282 526 1354 διεξέρχεται
583 1286 786 1354 λόγους
837 1283 930 1337 καὶ
989 1287 1174 1337 πείθει
1237 1284 1686 1355 λυσιτελεστέραν
1748 1281 1889 1338 εἶναι

196 1374 298 1442 τὴν
337 1372 460 1426 ἀντὶ
500 1382 611 1426 τῶν
650 1376 838 1442 νόμων
889 1372 1010 1436 ἑνὸς
1058 1373 1305 1443 ἄφρονος
1351 1374 1614 1442 βουλήσει
1655 1375 1888 1427 διοικου-

131 1483 173 1516 15
198 1461 393 1531 μένην,
450 1462 510 1515 ἐν
567 1455 597 1533 ᾗ
653 1464 988 1532 δορυφόρων
1043 1462 1297 1530 ἀσέλγεια
1358 1461 1448 1515 καὶ
1501 1460 1627 1531 περὶ
1682 1464 1889 1532 γάμους

197 1550 357 1619 ὕβρις
396 1551 485 1604 καὶ
523 1551 817 1621 χρημάτων
857 1549 1095 1621 ἁρπαγαὶ
1142 1551 1232 1604 καὶ
1278 1550 1553 1619 παρθένοι
1592 1553 1890 1621 παροινού-

197 1659 355 1708 μεναι
396 1638 486 1692 καὶ
524 1641 717 1702 παῖδες
750 1639 1106 1709 ἀδικούμενοι
1138 1640 1228 1692 καὶ
1262 1641 1436 1708 φυγαὶ
1472 1640 1562 1692 καὶ
1595 1642 1761 1709 φόνοι
1799 1641 1888 1694 καὶ

318 1835 372 1873 10
406 1845 472 1886 sq.
505 1830 618 1874 Xen.
654 1844 816 1874 comm.
842 1830 863 1873 I
888 1835 929 1882 2,
948 1834 972 1873 9
1098 1835 1150 1874 16
1184 1830 1314 1875 Dem.
1347 1845 1390 1886 p.
1417 1834 1517 1886 403,
1537 1834 1562 1873 8

318 2014 339 2050 1
376 2007 584 2066 ἔμψυχον
618 2010 708 2052 Μα
749 2010 754 2064 Ι
798 2007 847 2052 ἑν
880 2022 955 2052 om
997 2009 1065 2053 Va
1185 2012 1212 2051 4
1245 2008 1385 2059 αὐτὸς
1420 2008 1522 2051 Mor
1643 2012 1668 2051 5
1699 2024 1769 2058 τις
1801 2021 1885 2051 σω-

197 2066 368 2124 κράτης
399 2069 493 2112 Ath
629 2073 654 2110 6
695 2066 850 2112 πάντα
882 2067 1051 2125 ἐπαινῇ
1089 2067 1276 2123 reposui
1307 2080 1332 2111 e
1374 2066 1506 2110 libris
1548 2067 1645 2122 (sed
1678 2067 1886 2111 ἐπαινεῖν

196 2127 305 2183 Ath)
339 2140 446 2169 cum
476 2126 580 2183 Rog
641 2127 899 2184 ἀντεπαινῇ
932 2126 1034 2170 Mor
1049 2126 1117 2170 Re
1145 2129 1150 2183 Ι
1178 2125 1405 2171 τάκείνων
1437 2126 1624 2182 reposui
1652 2139 1676 2170 e
1703 2126 1887 2170 MaAth

204 2186 247 2229 U
254 2186 322 2228 Va
354 2187 542 2230 auctore
573 2186 783 2230 Iacobsio
808 2185 904 2230 Not
929 2191 983 2229 26
1010 2200 1115 2230 cum
1140 2186 1244 2242 Rog
1304 2184 1533 2230 κάκείνων
1559 2186 1604 2228 Β
1665 2186 1886 2229 κάκεῖνον

196 2244 298 2288 Mor
321 2244 390 2289 Re
466 2242 714 2295 κάκείνους
746 2244 951 2288 Sintenis
1089 2249 1111 2288 7
1148 2244 1315 2290 δέοντα
1355 2244 1459 2289 coni
1499 2243 1767 2288 Hefermehl

198 2307 224 2346 8
265 2302 420 2347 πάντα
459 2304 645 2360 reposui
677 2317 703 2348 e
733 2303 867 2348 libris
907 2305 1096 2348 auctore
1135 2303 1345 2348 Iacobsio
1377 2304 1598 2347 Lect197
1640 2317 1744 2346 eum
1782 2302 1886 2359 Rog

255 2361 436 2413 πάντας
475 2362 576 2407 Mor
592 2363 660 2406 Re
692 2363 773 2418 qui
804 2362 990 2414 πάντως
1014 2362 1119 2407 coni
1241 2367 1296 2406 10
1320 2370 1402 2407 τοῦ
1427 2363 1529 2406 Mor
1588 2362 1762 2406 τούτων
1796 2363 1885 2406 Μα

206 2422 247 2466 U
254 2422 371 2465 VaB
432 2429 523 2465 τῶν
555 2423 648 2466 Ath
710 2418 764 2465 οὗ
795 2422 959 2466 Iacobs
990 2421 1086 2466 Not
1118 2426 1173 2465 26
1298 2426 1349 2465 11
1390 2419 1547 2478 φησίν]
1587 2435 1707 2465 τισιν
1739 2434 1763 2464 e
1794 2419 1885 2463 Par

197 2484 311 2523 3017
349 2480 451 2537 Rog
513 2479 573 2530 ὥς
605 2482 982 2537 anteponendum
1014 2481 1119 2525 coni
1157 2481 1224 2524 Re
1301 2480 1433 2524 καθά
1471 2479 1772 2537 ΡΥαοιιιΙοτίῐη
1804 2479 1885 2522 sed

195 2539 476 2594 particulam
508 2540 819 2584 necessariam
850 2554 950 2584 esse
982 2553 1101 2596 nego
1137 2542 1142 2596 Ι
1181 2554 1273 2584 τισι
1305 2539 1380 2583 del
1420 2539 1510 2582 Par
1542 2543 1654 2582 3017
1696 2541 1743 2582 et
1781 2538 1885 2595 Rog

318 2603 371 2640 12
404 2597 514 2654 ἡμῖν
548 2598 713 2654 scripsi
745 2612 769 2642 e
802 2600 1067 2644 MaUVaB
1129 2599 1238 2654 ὑμῖν
1269 2599 1363 2643 Ath
1395 2598 1486 2642 edd
1513 2600 1518 2654 Ι
1556 2595 1668 2648 ὅλως
1697 2597 1884 2652 reposui

196 2669 221 2700 e
253 2656 384 2700 libris
418 2671 522 2700 cum
554 2657 656 2713 Rog
719 2655 788 2701 ὅτι
819 2657 920 2702 Mor
937 2658 1004 2701 Re
1037 2657 1118 2714 qui
1150 2657 1400 2701 delendum
1431 2658 1513 2700 aut
1538 2655 1561 2700 ὁ
1588 2655 1884 2700 scribendum

196 2715 301 2759 coni
331 2717 386 2759 ut
415 2715 576 2759 Iacobs
608 2716 703 2760 Not
728 2721 782 2759 26
811 2718 817 2772 Ι
844 2714 1020 2768 πόλεως
1049 2716 1236 2772 reposui
1269 2730 1292 2760 e
1324 2715 1455 2759 libris
1528 2713 1761 2764 πολιτείας
1792 2715 1882 2757 edd

196 2775 276 2817 sed
309 2775 366 2818 cf.
391 2774 505 2818 Xen.
533 2773 633 2831 Cyr.
652 2774 757 2818 VIII
784 2781 823 2828 2,
843 2780 921 2829 283
953 2775 1079 2819 Hier.
1105 2775 1148 2818 Π
1173 2780 1226 2818 12
1245 2789 1299 2830 sq
1436 2779 1489 2818 16
1515 2773 1670 2832 ὕβρεις
1694 2775 1882 2817 auctore

196 2832 369 2877 Cobeto
401 2834 505 2891 Rog
553 2836 558 2890 Ι
608 2834 976 2890 παροινούμεναι
1014 2834 1202 2890 reposui
1234 2848 1257 2877 e
1292 2833 1555 2878 MaUVaB
1595 2834 1782 2876 auctore
1814 2833 1882 2876 Re

195 2905 300 2935 cum
332 2892 436 2949 Rog
495 2893 859 2948 παροινούμενοι
891 2894 985 2937 Ath
1014 2893 1092 2937 Mo
1108 2893 1176 2936 Re
