2026 3192
520 100 747 149 LIBANII
777 99 1037 144 LEGATIO
1069 98 1344 143 MENELAI
1705 99 1810 152 153

231 242 303 292 fol
330 243 358 289 1
393 238 818 307 πρεσβευτικὸς
849 239 994 305 πρὸς
1024 238 1162 297 τοὺς
1198 245 1385 304 τρῶας
1416 235 1562 303 ὑπὲρ
1593 236 1809 302 ἓλένης.

123 335 184 380 με
198 314 402 375 νέλαος

233 391 263 439 3
297 387 726 454 πρεσβευτικὸς
755 387 902 452 πρὸς
925 386 1063 447 τοὺς
1086 394 1272 453 τρῶας
1295 384 1441 453 ὑπὲρ
1465 393 1566 451 τῆς
1589 384 1809 450 ἕλένης.

120 460 409 522 ὃδυσσεύς
448 463 632 511 desinit
669 463 831 511 verbis
869 468 1104 510 τοσοῦτον
1142 458 1377 526 ἀπέχουσι
1406 478 1455 524 p.
1489 463 1660 523 257,2
1702 463 1808 525 qui-

119 537 211 586 bus
236 538 414 585 folium
433 539 490 585 7*
505 537 688 584 finitur.
723 536 935 598 Reliqua
953 535 1142 583 desunt.
1176 535 1447 592 Quaternio
1464 551 1620 584 novus
1636 536 1757 584 folio
1777 538 1806 584 8

120 612 297 674 incipit
326 611 488 660 verbis
511 609 718 674 ἑτοίμων
746 608 827 658 καὶ
860 602 930 658 ὧν
955 625 1081 672 quae
1114 612 1230 658 sunt
1260 607 1535 675 ἀντιλογίας
1562 603 1810 674 Ἀχιλλέως

118 703 165 749 p.
193 687 278 747 63,
298 686 326 733 6
345 686 390 733 R
423 688 472 733 et
501 701 661 747 usque
696 685 759 733 ad
790 684 938 733 finem
965 686 1070 733 eius
1094 686 1273 748 pergit.

230 756 302 809 fol
337 761 402 807 12
437 756 730 822 ἀφαιρεθεὶς
762 757 980 823 ἀχιλλεὺς
1012 765 1098 822 τῆς
1129 757 1385 822 βρισηίδος
1417 750 1513 824 (80
1530 751 1597 824 R)

233 836 303 883 20
321 831 435 897 μετὰ
453 833 617 898 τροίας
641 832 823 881 ἅλωσιν
846 829 928 880 καὶ
951 831 1037 882 τὸν
1061 829 1402 898 ἀγαμέμνονος
1426 830 1587 894 φόνον
1610 829 1809 899 ὀρέστης

118 905 409 966 ἀποκτείνας
439 905 530 971 τὴν
560 905 715 956 αὐτοῦ
747 905 928 971 μητέρα
962 905 1178 971 κρίνεται
1208 905 1351 969 φόνω
1383 900 1541 972 (110)

233 983 299 1030 26
333 978 567 1050 ἐξῄτησεν
599 978 624 1030 ὅ
657 981 894 1043 φίλιππος
925 979 1010 1029 τὸν
1043 978 1379 1044 δημοσθένην.
1434 977 1707 1045 κατέφυγεν
1731 979 1810 1029 ἐπὶ

117 1054 203 1104 τὸν
232 1053 369 1105 ἐλέου
399 1054 571 1120 βωμὸν
603 1052 628 1103 ὁ
662 1052 979 1119 δημοσθένης
1011 1058 1107 1103 κτλ.
1145 1048 1303 1122 (253)

232 1132 299 1178 29
334 1127 450 1194 μετὰ
482 1128 540 1178 τὰ
571 1127 625 1178 ἐν
648 1129 877 1194 χερωνεία
916 1127 1103 1192 ἔπᾴιψε
1143 1129 1380 1192 φίλιππος
1420 1126 1809 1194 ὑπισχνούμενος

116 1203 231 1263 τοὺς
263 1203 527 1268 δισχιλίους
559 1203 891 1268 αἰχμαλώτους
921 1206 1016 1252 κτλ.
1051 1196 1208 1270 (266)

231 1280 297 1327 32
322 1276 437 1342 μετὰ
462 1276 519 1326 τὰ
543 1276 596 1326 ἐν
621 1277 851 1343 χερωνεία
875 1277 1115 1340 φίλιππος
1139 1275 1335 1341 ἐζήτησε
1359 1275 1444 1326 τὸν
1471 1275 1807 1341 δημοσθένην.

117 1350 143 1402 ὁ
177 1352 335 1416 δῆμος
366 1349 514 1416 ᾔτησε
546 1350 687 1400 πέντε
719 1347 904 1417 ἡμέρας
935 1351 1004 1410 εἰς
1037 1351 1301 1413 διάσκεψιν
1330 1354 1427 1402 κτλ.
1456 1345 1614 1419 (817)

231 1427 297 1475 35
332 1423 556 1486 ἐκδοθεὶς
588 1425 811 1489 φιλίππω
845 1423 1164 1490 δημοσθένης
1195 1423 1405 1488 ἀφεθεὶς
1443 1423 1526 1474 καὶ
1566 1425 1632 1489 μὴ
1671 1429 1808 1476 πολι-

116 1499 374 1564 τευόμενος
405 1500 620 1565 κρίνεται
652 1499 863 1564 δημοσία
896 1494 1054 1566 (280)

229 1577 325 1624 43v
357 1574 408 1623 οἷ
433 1573 741 1623 ποτιδαιάται
773 1572 994 1637 ἀλλήλων
1026 1573 1288 1639 ἐγεύσαντο
1320 1577 1416 1623 κτλ.
1451 1568 1610 1642 (348)

229 1650 325 1697 49v
355 1648 589 1707 πλούσιος
627 1647 681 1697 ἐν
712 1651 835 1711 λιμῶ
868 1646 1081 1713 θρέψειν
1110 1647 1388 1713 ὑπισχνεῖτο
1427 1647 1519 1712 τὴν
1561 1647 1727 1709 πόλιν,
1765 1649 1810 1698 εἰ

115 1719 333 1786 ἐκδιδοίη
366 1725 463 1771 κτλ.
491 1716 664 1789 (227).
726 1722 922 1772 Desinit
944 1723 997 1770 in
1027 1722 1148 1771 folio
1184 1724 1274 1772 531
1297 1723 1437 1772 euius
1459 1739 1576 1786 pars
1601 1723 1808 1772 dimidia

116 1813 270 1859 aeque
302 1800 455 1859 atque
487 1798 663 1845 folium
695 1812 895 1845 versum
926 1812 1085 1845 vacua.
1114 1799 1367 1845 remansit.

230 1872 298 1918 54
332 1869 454 1935 ἔχων
485 1889 557 1931 τις
588 1874 799 1937 γυναῖκα
830 1869 913 1919 καὶ
945 1867 1014 1919 ὢν
1047 1869 1144 1920 ὑπὸ
1176 1869 1323 1936 πατρὶ
1353 1874 1451 1920 κτλ.
1476 1865 1631 1938 (639)

226 1947 322 1992 57ν
353 1944 662 2011 φιλαργύρου
694 1949 812 2004 παῖς
842 1942 1130 2011 ἀριστεύσας
1161 1943 1342 2009 ἤτησεν
1379 1944 1449 2005 εἰς
1487 1944 1578 2009 τὴν
1618 1944 1806 2009 δωρεὰν

112 2018 301 2160 {ccl-2321
333 2020 579 2082 στεφάνου
613 2017 695 2067 καὶ
727 2016 1122 2084 ἀποκηρύσσεται
1159 2018 1293 2084 παρὰ
1330 2026 1418 2068 τοῦ
1459 2018 1591 2068 ἰδίου
1623 2018 1805 2083 πατρός

226 2168 321 2215 62³⁷
353 2164 553 2215 διέσωσέ
583 2185 655 2225 τις
687 2164 977 2232 ἐμπρησμοῦ
1009 2165 1278 2232 γενομένου
1303 2166 1389 2217 τὸν
1412 2165 1590 2216 ἑαυτοῦ
1622 2165 1804 2233 πατέρα

227 2317 321 2363 7οῩ
352 2313 603 2380 φθονερὸς
634 2322 721 2363 τοῦ
752 2315 971 2381 γείτονος
995 2314 1150 2364 αὐτοῦ
1173 2314 1541 2379 πλουτήσαντος
1565 2313 1804 2379 ἐξαίφνης

111 2386 286 2437 ἑαυτὸν
317 2386 660 2454 προσαγγέλλει
691 2383 848 2456 (159)

110 2500 308 2544 Libam'i
338 2501 704 2545 Declamationes
734 2500 940 2557 (Muentz
979 2503 1028 2545 et
1057 2501 1230 2555 Fabre,
1270 2501 1338 2544 La
1367 2499 1698 2557 Bibliotheque
1738 2500 1802 2544 du

111 2556 314 2602 Vatican
346 2572 406 2603 au
436 2559 540 2602 XV⁶
572 2559 728 2614 siecle,
762 2560 891 2604 Paris
926 2564 1054 2613 1887,
1087 2559 1207 2604 Bibl.
1241 2560 1323 2604 des
1356 2559 1509 2605 ecoles
1546 2559 1800 2618 franeaises

111 2616 155 2659 d’
172 2618 379 2661 Atheneo
411 2619 459 2661 et
482 2618 541 2662 de
563 2618 709 2663 Rome
734 2618 847 2662 fasc.
865 2623 921 2663 48
938 2634 983 2675 p.
1002 2621 1107 2676 336)
1132 2621 1180 2663 et
1195 2619 1246 2662 in
1268 2619 1424 2663 indice
1442 2618 1654 2663 codicum
1671 2618 1802 2662 Vati-

112 2689 331 2720 canorum
355 2677 683 2735 Rehdigerano
708 2678 767 2721 ab
790 2677 965 2722 Haasio
989 2678 1039 2721 in
1065 2677 1253 2735 Serapei
1278 2677 1512 2722 volumine
1528 2677 1612 2722 XII
1628 2693 1671 2721 n.
1692 2682 1716 2721 9
1734 2690 1801 2734 sq.

111 2734 238 2779 edito
263 2751 306 2793 p.
335 2741 420 2779 623
445 2736 530 2780 sub
554 2750 746 2782 numero
774 2741 860 2780 603
894 2737 1175 2781 describitur
1202 2735 1432 2796 Λιβανίου
1462 2743 1546 2781 τοῦ
1579 2743 1803 2793 σοφιστοῦ

111 2793 291 2850 μελέται
322 2796 403 2839 sed
434 2809 558 2839 nunc
587 2796 637 2839 in
668 2796 759 2839 fine
782 2796 976 2840 mutilus
1000 2798 1086 2850 est,
1117 2810 1212 2851 qua.
1234 2810 1285 2840 re
1307 2796 1486 2840 factum
1510 2809 1610 2847 esse
1633 2798 1803 2852 potest,

111 2853 167 2895 ut
195 2866 302 2896 cum
335 2854 427 2898 fine
457 2853 654 2898 ultimae
686 2855 1044 2900 declamationis
1075 2855 1158 2911 (fol
1186 2858 1286 2912 104)
1317 2855 1438 2900 liber
1463 2855 1514 2898 in
1536 2855 1692 2898 indice
1717 2854 1801 2898 sub

113 2910 251 2955 finem
282 2912 518 2957 indicatus
546 2914 855 2968 Φιλοστράτου
887 2914 953 2966 εἰς
974 2914 1056 2959 τὸν
1081 2913 1267 2959 Τυανέα
1293 2913 1592 2959 Ἀπολλώνιον
1614 2914 1801 2969 periret.
