2026 3192
226 110 335 161 524
694 109 879 153 LIBAN
879 110 923 154 11
951 109 1343 155 DECLAMATIO
1375 111 1439 154 XI

225 246 439 313 κύριος;
489 247 853 308 πλουσίους
892 246 1055 315 ἡμᾶς
1093 244 1214 315 ἔφη
1262 249 1582 315 ποιήσειν.
1629 246 1759 319 ᾤετο
1800 249 1920 318 γάρ.

226 332 360 386 ἀλλ’
393 334 508 386 οὐκ
528 333 820 403 ἐποίησε.
853 337 1114 404 κρείττων
1138 336 1243 404 γὰρ
1268 332 1337 404 ἦν
1362 335 1390 389 ὁ
1415 338 1735 405 μαχόμενος.
1770 335 1920 399 ἐλπὶς

227 423 288 475 δὲ
327 423 428 492 οὐχ
467 423 563 490 ἥδε
603 421 790 493 πρώτη
831 423 1061 492 γέγονεν
1101 423 1306 492 ἀτελής.
1347 426 1524 477 καίτοι
1566 428 1736 493 λόγον
1775 421 1922 494 εἶχεν

138 516 258 560 RIV
275 521 360 560 345
409 511 545 580 αὕτη
584 512 778 565 πολύν.
818 514 874 564 τί
911 514 1014 582 γὰρ
1055 515 1400 582 θαυμαστόν,
1442 514 1488 566 εἰ
1525 513 1726 584 ῥᾷστον
1760 512 1767 584 Ι
1803 513 1920 567 ἐνό-

169 621 200 655 ÷5
226 614 348 666 μισε
387 601 448 653 τὸ
485 601 678 669 Πάρον
719 600 866 655 ἑλεῖν
903 602 1036 668 μετὰ
1066 603 1132 655 τὰ
1164 600 1226 655 ἐν
1257 605 1600 672 Μαραθῶνι;
1641 602 1727 655 27.
1766 601 1922 669 ὑμεῖς

226 687 328 756 μὲν
383 686 486 742 οὖν
541 688 907 759 ἐξηπάτησθε,
963 689 1168 753 ἐκεῖνος
1219 690 1281 743 δὲ
1335 690 1435 744 οὐκ
1493 690 1835 760 ἐξηπάτηκεν.
1891 692 1920 744 ὁ

226 779 330 847 γὰρ
373 778 439 832 οὐ
478 786 641 832 τοῦτο
682 779 982 847 βουληθεὶς
1022 778 1143 832 οὐδ’
1190 778 1534 848 ἐξηπάτηκεν.
1583 781 1631 833 εἰ
1676 780 1779 847 μὲν
1816 781 1920 849 γὰρ

228 865 428 936 ἐπῆρεν
473 867 616 936 ὑμᾶς
662 867 955 937 ὑποσχέσει
1002 869 1271 931 πεπεικὼς
1317 868 1487 921 αὑτὸν
1535 869 1607 931 ὡς
1653 868 1734 923 ἐπ’
1789 869 1921 922 ἀδύ-

227 975 364 1008 νατα
402 957 712 1024 πλεύσεται,
753 958 1125 1025 παρεκρούετο
1165 956 1255 1009 καὶ
1287 958 1487 1026 ἠδίκει·
1528 961 1579 1011 εἰ
1608 956 1658 1011 δ’
1697 958 1729 1011 ἃ
1761 977 1922 1011 κατα-

161 1069 204 1101 10
227 1044 452 1113 πράξειν
498 1043 784 1099 ἐπίστευεν
830 1045 1214 1115 ἐπηγγείλατο,
1260 1047 1362 1099 οὐκ
1398 1045 1729 1115 Ἀθηναίους
1778 1051 1922 1100 Μιλ-

226 1134 432 1201 τιάδης,
472 1132 588 1186 ἀλλ’
635 1134 982 1204 ἀμφοτέρους
1020 1135 1282 1203 ἠδίκησεν
1323 1135 1353 1204 ἡ
1401 1135 1566 1204 Τύχη,
1605 1135 1673 1188 δι’
1723 1136 1793 1204 ἣν
1831 1134 1920 1188 καὶ

234 1225 588 1293 Μεγαρεῦσιν
642 1223 845 1292 ἀπέστη
899 1225 1031 1277 ποτε
1087 1227 1404 1293 Σαλαμῖνος
1450 1224 1482 1292 ἡ
1531 1226 1756 1293 μεγίστη
1811 1233 1923 1277 τῶν

220 1309 558 1380 Ἑλληνίδων
607 1315 823 1366 πόλεων
862 1312 894 1381 ἡ
935 1312 1182 1382 ὑμετέρα.
1261 1313 1346 1365 28.
1385 1311 1418 1380 ἢ
1468 1309 1572 1366 οὖν
1619 1311 1924 1381 ἐξεπίτηδες

229 1400 369 1468 ὑμᾶς
415 1401 703 1469 ἠπατηκὼς
757 1404 984 1471 φανήτω
1023 1404 1082 1470 ἥ,
1138 1403 1186 1455 εἰ
1231 1409 1395 1455 τοῦτο
1447 1401 1754 1471 ἀμήχανον,
1807 1410 1923 1463 πῶς

165 1513 205 1545 15
230 1488 590 1558 ἀτυχημάτων
629 1488 820 1543 ἐδίδου
862 1492 1044 1559 δίκην;
1083 1492 1229 1559 πλὴν
1268 1492 1316 1543 εἰ
1355 1498 1519 1543 τοῦτο
1553 1490 1703 1558 λέγοι
1735 1510 1817 1552 τις
1849 1490 1923 1552 ’ὡς

229 1578 406 1644 ἠδίκει
447 1578 756 1650 Ξανθίππῳ
804 1581 1171 1648 προσκρούων
1217 1578 1306 1632 καὶ
1356 1579 1421 1632 οὐ
1468 1580 1783 1632 κολακεύων
1830 1580 1923 1631 ἄν-

229 1672 464 1736 θρωπον
501 1676 686 1720 πεῖσαι
727 1669 1043 1738 δυνάμενον
1082 1669 1167 1721 ὅτι
1205 1670 1295 1722 καὶ
1343 1665 1422 1722 ὧν
1469 1669 1570 1722 οὐκ
1621 1666 1770 1721 ἔστιν
1811 1666 1922 1720 ἐπι-

231 1755 501 1822 λαβέσθαι
541 1764 634 1824 τῆς
674 1758 910 1828 γνώμης,
948 1756 1039 1810 καὶ
1079 1759 1311 1821 τούτους
1349 1756 1662 1812 κολαστέον.

343 1844 428 1898 29.
472 1847 732 1914 Καίτοι,
773 1849 929 1914 φησί,
967 1851 1228 1900 πολλῶν
1266 1846 1592 1914 ἐδέθησαν
1628 1845 1923 1915 πατέρες,

353 2040 405 2078 12
440 2035 559 2080 Plut.
588 2036 678 2080 Sol.
705 2041 745 2080 8.
778 2036 919 2080 Arist.
944 2050 1039 2093 rep.
1060 2037 1167 2080 Ath.
1189 2041 1243 2079 14
1269 2038 1317 2080 et
1342 2041 1394 2080 17
1520 2041 1574 2079 15
1600 2036 1656 2080 cf.
1675 2036 1922 2091 t.11316‚9

354 2099 406 2137 16
439 2094 546 2139 Her.
572 2095 635 2139 VI
662 2100 761 2146 136,
784 2104 820 2139 1.
854 2095 1031 2140 Choric.
1057 2095 1176 2139 Milt.
1195 2096 1268 2139 tit.
1286 2111 1331 2152 p.
1351 2100 1451 2151 3‚6;
1485 2110 1547 2139 or.
1575 2102 1599 2148 ς’
1618 2101 1643 2137 3
1668 2110 1711 2151 p.
1733 2099 1840 2150 4‚18
1856 2109 1922 2150 sq.

354 2278 374 2315 1
409 2272 531 2328 ἡμᾶς
561 2273 726 2328 scripsi
758 2286 782 2317 e
816 2274 920 2317 ViB
981 2274 1100 2330 ὑμᾶς
1132 2274 1315 2318 LILau
1346 2273 1437 2317 edd
1476 2276 1481 2327 Ι
1523 2280 1715 2330 ποιῆσαι
1748 2273 1806 2315 Vz'

233 2336 258 2374 2
292 2333 512 2386 „fortasse
544 2331 568 2375 ὁ
601 2331 792 2377 ἄνωθεν
831 2331 1089 2389 μαχόμενος
1120 2338 1203 2376 aut
1233 2332 1257 2375 ὁ
1291 2332 1405 2386 ὑπὲρ
1439 2330 1604 2385 Πάρου
1635 2330 1922 2388 μαχόμενος“

233 2391 301 2434 Re
445 2395 470 2434 3
504 2407 554 2447 γε
591 2393 700 2434 ante
732 2389 869 2448 λόγον
905 2392 961 2435 Vi
991 2392 1059 2434 Re
1123 2391 1276 2435 delevi
1398 2396 1423 2434 5
1455 2390 1628 2444 πάριον
1664 2392 1721 2434 Vi
1762 2394 1766 2446 Ι
1810 2390 1922 2446 μετὰ

233 2453 497 2504 μαραθῶνα
523 2452 680 2494 BLau
715 2454 720 2505 Ι
757 2450 806 2495 ἐν
837 2451 962 2493 inser
986 2452 1029 2494 L
1152 2455 1177 2493 6
1211 2449 1234 2493 ὁ
1261 2477 1314 2481 -
1344 2456 1366 2493 7
1395 2449 1678 2506 ἐξηπάτηκεν
1711 2463 1784 2493 om
1820 2450 1923 2493 ViB

234 2510 343 2553 Lau
465 2514 491 2553 8
525 2510 667 2553 αὐτὸν
702 2510 871 2553 ViLau
992 2514 1047 2554 10
1080 2507 1379 2566 ἐπηγγείλατο
1415 2509 1578 2565 scripsi
1611 2522 1635 2552 e
1668 2510 1727 2553 Vi
1786 2509 1921 2564 ἐπηγ-

234 2566 386 2624 γέλετο
412 2568 521 2612 Lau
583 2568 879 2625 ἐπηγγέλλετο
905 2570 1033 2612 BLI
1058 2568 1149 2612 edd
1273 2574 1325 2612 12
1359 2567 1533 2622 ἀπέστή
1564 2569 1607 2612 L
1640 2569 1722 2611 sed
1755 2585 1783 2610 α
1816 2569 1864 2611 et
1894 2566 1924 2621 ή

235 2640 337 2670 corr
367 2627 437 2670 111²
513 2626 675 2683 ἐπέστη
709 2628 818 2671 Lau
965 2632 1016 2671 13
1049 2625 1227 2671 πόλεων
1260 2627 1424 2683 scripsi
1456 2641 1480 2670 e
1519 2628 1575 2672 Vi
1650 2626 1781 2676 πόλις
1804 2627 1933 2670 BLI

235 2686 344 2730 Lau
376 2686 467 2729 edd
501 2689 508 2742 Ι
547 2685 742 2742 ὑμετέρα
776 2685 939 2742 scripsi
967 2701 992 2730 e
1027 2687 1242 2731 ViBLau
1301 2684 1498 2743 ἡμετέρα
1523 2688 1565 2730 L
1598 2686 1678 2729 sed
1709 2703 1739 2742 η
1770 2686 1818 2727 in
1849 2698 1923 2728 ras

234 2743 317 2797 m2,
343 2746 376 2787 Ι
402 2745 492 2788 edd
617 2750 670 2788 14
703 2746 822 2801 ὑμᾶς
852 2746 1039 2800 reposui
1071 2758 1095 2788 e
1127 2745 1260 2788 libris
1321 2747 1442 2801 ἡμᾶς
1473 2745 1563 2788 edd
1591 2747 1597 2800 Ι
1626 2742 1829 2798 φανείτω
1869 2744 1925 2787 Vi

236 2804 344 2847 Lau
372 2807 378 2858 Ι
405 2812 503 2854 πῶς
534 2802 728 2854 δικαίως
760 2803 1063 2860 ἀτυχημάτων
1095 2804 1200 2848 coni
1225 2805 1291 2847 Re
1415 2809 1467 2846 15
1501 2802 1568 2853 τίς
1600 2804 1658 2846 Vi
1780 2807 1830 2845 17
1859 2798 1922 2845 ὧν

235 2863 279 2906 L
311 2863 390 2905 sed
428 2870 462 2906 ῶ
496 2876 551 2905 ex
583 2863 607 2907 ὸ
648 2877 749 2906 corr
780 2862 850 2906 m²
995 2867 1047 2906 18
1086 2869 1169 2919 τῆς
1200 2864 1383 2919 γνώμης
1407 2861 1713 2920 ἐπιλαβέσθαι
1738 2863 1783 2905 Β

238 2926 290 2965 19
326 2921 559 2977 ἐδέθησαν
584 2922 685 2966 Mor
710 2922 790 2965 sed
816 2939 870 2977 γρ
898 2921 1161 2977 ἐδεήθησαν
1192 2922 1241 2964 in
1272 2935 1406 2978 marg
1585 2928 1587 2931 ’
