2026 3192
163 1087 205 1119 10

160 1531 201 1565 15

233 131 340 183 498
711 130 941 174 LIBANII
971 130 1365 175 DECLAMATIO
1398 130 1439 173 X

233 263 375 320 εἶναι
414 267 474 319 τὸ
517 270 698 337 ἔργον,
740 265 876 318 ἀλλὰ
915 264 1005 319 καὶ
1046 267 1409 329 παιδεύοντος
1447 265 1538 319 καὶ
1578 267 1927 337 βουλομένου

231 376 294 423 με
333 357 466 423 μετὰ
505 357 606 424 τὴν
644 358 950 424 θεραπείαν
988 365 1099 408 τῶν
1138 357 1357 423 τρόπων
1394 358 1745 423 κομίσασθαι.

343 445 428 498 26.
462 444 554 508 Ὡς
585 447 782 498 τοίνυν
811 445 1073 507 ψεύδεται
1104 445 1195 497 καὶ
1228 452 1523 512 μισοῦντος
1554 442 1640 514 ἦν,
1674 445 1741 499 οὐ
1773 466 1926 513 μετα-

229 535 403 603 βολὴν
445 537 734 602 ζητοῦντος
782 529 979 605 ῥᾴδιον
1028 533 1169 600 ὑμᾶς
1218 532 1446 596 διδάξαι.
1498 531 1612 587 εἰπὲ
1659 535 1762 603 γάρ
1810 552 1925 602 μοι·

229 623 290 675 τὸ
337 631 449 675 τῶν
494 632 700 676 κοινῶν
747 624 1063 692 φροντίζειν
1116 620 1206 675 καὶ
1260 624 1362 690 τὴν
1416 625 1580 676 πόλιν
1636 619 1697 676 εὖ
1745 633 1927 677 ποιεῖ-ν

229 711 333 780 ἤδη
369 719 797 780 σωφρονοῦντος
829 710 861 779 ἢ
894 713 1300 779 παροινοῦντός
1333 710 1504 775 ἑστιν;
1544 712 1644 764 οὐκ
1681 711 1751 765 ἂν
1783 709 1926 766 εἶναι

231 804 397 870 φαίης
436 800 502 853 τά
530 819 591 868 γε
630 808 857 853 τοιαῦτα
896 802 1238 867 μεθυόντων.
1278 799 1384 869 ἐγὼ
1427 798 1487 853 δὲ
1526 802 1587 854 τὸ
1628 802 1761 870 χθὲς
1799 803 1925 854 τού-

229 909 340 942 των
386 890 610 959 ἡψάμην
657 899 770 943 τῶν
824 890 1143 957 φροντίδων
1181 888 1213 957 ἢ
1262 890 1452 954 πάλαι;
1507 900 1620 952 πῶς
1668 887 1772 943 οὖν
1822 891 1923 959 οὐχ

229 979 339 1047 ἅμα
377 998 435 1031 τε
473 981 881 1047 μετεβεβλήμην
919 977 1010 1031 καὶ
1057 979 1192 1048 πρὸς
1238 979 1336 1031 τὸν
1383 975 1538 1031 οἷκον
1590 977 1922 1048 ἐκαλούμην;

229 1066 314 1119 27.
348 1069 588 1130 πολλοὺς
626 1068 870 1136 καιρούς,
912 1064 953 1120 ὦ
987 1068 1267 1134 Νεόκλεις,
1311 1069 1642 1135 διαλλαγῶν,
1683 1069 1924 1130 πολλοὺς

229 1155 648 1224 παραλέλοιπας.
679 1156 1023 1225 ἠγρύπνουν,
1056 1155 1377 1223 ἐπεθύμουν
1408 1155 1644 1223 ε’μαυτὸν
1669 1155 1922 1219 ἐξισῶσαι

229 1252 303 1317 τῷ
336 1245 637 1315 Μιλτιάδῃ,
679 1248 748 1298 σὺ
791 1245 852 1298 δὲ
891 1245 1098 1314 ἐτήρεις
1137 1247 1238 1314 τὴν
1276 1245 1628 1315 ἀποκήρυξιν.
1683 1248 1923 1314 τριήρεις

230 1333 423 1387 ἑκατὸν
460 1333 774 1403 Ἀθηναίοις
813 1332 1068 1402 ἐποίουν,
1116 1337 1185 1388 σὺ
1234 1335 1295 1388 δὲ
1334 1335 1436 1387 οὐκ
1466 1331 1623 1397 ἔλυες
1662 1335 1762 1403 τὴν
1801 1333 1924 1387 ἀπέ-

227 1428 439 1492 χθειαν.
480 1424 808 1492 διήλλαττον
847 1426 978 1486 τοὺς
1003 1423 1273 1492 ’Έλληνας
1312 1425 1449 1491 πρὸς
1489 1423 1707 1491 αὑτούς,
1750 1426 1819 1476 σὺ
1861 1424 1922 1476 δὲ

226 1512 292 1574 οὐ
349 1513 677 1581 διηλλάττου
733 1519 800 1584 τᾷ
855 1513 1026 1565 παιδί.
1081 1514 1183 1581 τὴν
1237 1514 1464 1582 γνώμην
1515 1513 1773 1580 εὕρισκον
1819 1520 1921 1565 τοῦ

228 1603 477 1668 Πυθίου,
510 1603 578 1654 σὺ
609 1599 657 1653 δ’
691 1602 843 1654 οὔπω
869 1620 934 1670 με
961 1610 1275 1671 σωφρονεῖν
1299 1602 1452 1670 ἡγοῦ.
1486 1600 1752 1670 ἀντέσχον
1784 1602 1922 1670 πρὸς

224 1690 326 1758 τὴν
365 1692 554 1759 φήμην
592 1688 810 1759 ἐκείνην
847 1689 938 1743 καὶ
975 1691 1075 1743 τὸν
1115 1693 1286 1759 λόγον
1324 1699 1420 1758 τῆς
1459 1689 1725 1759 βασιλέως
1763 1705 1928 1759 στρα-Υ

225 1781 391 1841 τείας·
455 1777 697 1847 Ξέρξης
745 1778 1008 1832 ἐλαύνει
1047 1782 1200 1842 τοὺς
1238 1781 1355 1847 τὴν
1396 1779 1606 1832 Ἀσίαν
1659 1780 1920 1832 οἰκοῦν-

226 1887 334 1929 τας
395 1874 632 1936 μικροῦ
695 1869 938 1930 πάντας
1003 1867 1104 1921 ἐπὶ
1168 1869 1283 1936 τὴν
1337 1869 1659 1938 Εὐρώπην
1722 1869 1918 1935 ἄγων,

347 2033 398 2071 11
435 2028 491 2071 ef.
510 2043 554 2084 p.
574 2032 673 2080 464,
695 2033 749 2071 16
874 2033 927 2071 12
952 2028 1074 2074 Plut.
1093 2029 1252 2073 Them.
1272 2034 1312 2082 4,
1331 2033 1370 2071 2.
1406 2027 1537 2072 Corn.
1563 2028 1680 2085 Nep.
1699 2028 1857 2071 Them.
1878 2032 1918 2071 2.

225 2086 445 2143 Polyaen.
471 2087 630 2141 130,6.
666 2087 722 2132 cf.
749 2087 854 2131 Her.
882 2087 1069 2131 V11144
1194 2093 1248 2131 14
1274 2087 1393 2131 Plut.
1412 2088 1570 2131 Them.
1591 2093 1681 2141 6,3.
1708 2087 1815 2130 Her.
1834 2086 1919 2129 VII

230 2151 326 2190 145.
372 2146 565 2191 Aristid.
598 2147 793 2190 Panath.
827 2148 860 2190 t.
886 2147 906 2189 I
937 2163 981 2203 p.
1010 2152 1092 2190 248
1118 2147 1256 2191 Dind.
1397 2153 1450 2190 15
1496 2147 1553 2190 cf.
1586 2162 1629 2202 p.
1657 2150 1757 2201 466,
1778 2151 1828 2189 11
1851 2161 1917 2200 sq.

226 2206 333 2249 Her.
358 2206 442 2249 VII
470 2211 566 2249 143.
614 2205 737 2249 Plut.
763 2205 922 2249 Them.
951 2210 1018 2250 10.
1067 2207 1287 2262 Polyaen.
1313 2206 1333 2249 I
1358 2211 1429 2261 30,
1451 2212 1471 2250 1
1494 2221 1558 2261 sq.
1695 2210 1748 2249 18
1780 2206 1916 2248 Isoer.

225 2278 393 2322 paneg.
428 2271 452 2319 ξ
477 2269 547 2309 88.
581 2265 687 2309 Her.
714 2265 799 2308 VII
823 2270 876 2308 21

348 2417 369 2455 1
404 2413 555 2470 naim)
582 2427 656 2456 om
684 2414 722 2458 Ο
855 2419 879 2457 2
914 2430 966 2469 με
992 2414 1166 2458 inserui
1199 2416 1387 2458 auctore
1420 2414 1486 2456 Re
1520 2412 1610 2457 coll
1642 2427 1684 2468 p.
1712 2417 1812 2466 467,
1832 2417 1856 2455 2

226 2486 301 2514 om
332 2471 442 2514 libri
476 2471 566 2514 edd
643 2489 696 2528 με
728 2472 900 2528 ταύτην
928 2473 1090 2517 Iacobs
1123 2474 1229 2516 Add
1255 2479 1338 2516 231
1375 2474 1486 2516 Lect
1513 2476 1596 2515 119
1741 2476 1767 2513 4
1799 2471 1918 2527 ὑμᾶς

227 2544 301 2574 om
321 2531 355 2572 I
471 2535 495 2573 6
522 2531 705 2587 signum
729 2532 1109 2589 interrogationis
1134 2547 1217 2588 pos
1198 2533 1281 2585 sui,
1306 2534 1531 2603 punctum
1556 2530 1665 2574 libri
1690 2530 1779 2573 edd
1807 2534 1813 2586 Ι
1842 2530 1916 2585 ἄν,

227 2585 368 2644 οἶμαι,
388 2567 803 2634 slvaa1a⁰eobsAdd
818 2596 902 2634 225
928 2593 1033 2647 App
1045 2592 1153 2635 Pors
1172 2596 1256 2635 302
1351 2597 1373 2634 7
1394 2588 1539 2646 φαίης
1555 2590 1732 2646 scripsi,
1742 2591 1795 2632 ut
1812 2589 1917 2632 coni

228 2648 328 2691 Mor
389 2645 507 2704 φαίη
538 2649 645 2692 libri
671 2650 762 2693 edd
790 2650 795 2707 Ι
823 2651 990 2721 τοχθὲς
1009 2650 1135 2695 CBL
1199 2648 1267 2695 ὅτι
1290 2651 1447 2707 (inser)
1472 2650 1526 2693 οὐ
1552 2648 1665 2705 χθὲς
1684 2650 1716 2691 Ι
1833 2653 1858 2690 8
1886 2646 1915 2703 ἢ

227 2709 260 2750 Ι
271 2707 381 2750 sed
368 2722 417 2750 m
443 2707 556 2750 ἀλλὰ
586 2722 687 2751 corr
709 2709 779 2751 m²
806 2712 811 2765 Ι
839 2707 866 2764 ἢ
892 2709 1057 2764 παλαι;
1090 2709 1235 2753 πάλαι
1260 2712 1340 2766 (an
1363 2711 1458 2753 iam
1481 2706 1689 2751 dudum?
1712 2708 1806 2751 iam
1830 2708 1917 2751 du-

226 2765 350 2821 dum)
371 2766 474 2809 coni
499 2767 565 2810 Re
592 2767 666 2810 eui
693 2767 962 2824 obloquitui
985 2768 1147 2812 Iacobs
1173 2769 1285 2812 Leet
1307 2773 1390 2811 119
1419 2771 1425 2824 1
1454 2769 1595 2822 δῆλον
1619 2768 1725 2822 post
1748 2765 1914 2819 πάλαι,

225 2824 351 2868 inser
366 2826 418 2874 ΙΙ
440 2821 524 2870 οὖν
542 2826 666 2869 inser
683 2827 734 2870 P
840 2831 865 2869 9
883 2827 1393 2885 usvocsseffln'unvLLau
1502 2830 1552 2868 11
1572 2825 1916 2879 παραλέλοιπας

226 2884 258 2925 Ι
278 2884 358 2926 sed
392 2899 502 2934 ιπας
532 2884 582 2927 in
613 2898 687 2927 ras
722 2889 746 2927 6
780 2885 858 2928 litt
889 2886 958 2928 m²
1033 2885 1431 2940 παραλελοιπότας
1463 2887 1508 2930 Β
1647 2888 1701 2926 14
1745 2883 1915 2933 αὐτούς

227 2942 390 2997 scripsi
416 2957 440 2987 e
458 2942 538 2986 LI
592 2944 735 2987 affirm*
740 2962 761 2995 ς
779 2945 971 2989 CBLau
1004 2946 1091 2988 edd
1203 2951 1257 2988 16
1283 2945 1334 2989 δε
1352 2948 1386 2989 Ι
1487 2949 1537 2988 17
1573 2940 1864 2996 ἐκστρατείας
1886 2943 1922 2985 Ι
