2026 3192
578 116 1012 163 THEMISTOCLIS
1045 115 1376 160 ANTILOGIA
1714 115 1823 168 493

133 261 321 312 ἄλλων
358 257 501 311 νέων
540 257 747 318 οὐδείς;
787 255 855 307 οὐ
893 250 1044 306 ταῦτ’
1091 251 1208 306 ἔστι
1245 261 1340 321 τῆς
1370 254 1624 320 νεότητος
1662 250 1827 305 ἐπιει-

134 358 240 410 κῶς
295 345 625 415 ἐκφέρεσθαι
682 353 794 396 τῶν
847 344 1242 412 προσηκόντων
1298 341 1570 410 ἀγνοῆσαί
1605 339 1735 410 <τέ>
1773 362 1826 394 τι

132 447 245 490 τῶν
275 438 620 504 πρεπόντων,
660 433 728 486 οὐ
764 432 982 494 τούτοις
1019 430 1052 499 ἡ
1092 431 1389 499 συγγνώμη
1422 431 1571 501 παρὰ
1602 430 1826 483 πάντων

134 526 363 595 ἕτοιμος,
403 525 472 578 οὐ
510 526 686 591 μόνον
724 532 837 575 τῶν
874 520 1143 590 πατέρων,
1182 519 1320 572 ἀλλὰ
1351 520 1439 572 καὶ
1479 529 1590 573 τῶν
1622 521 1823 588 ἄλλων,

134 613 270 684 [καὶ]
319 624 431 666 τῶν
477 617 720 666 πολιτῶν
767 609 857 664 καὶ
898 608 1094 680 ξένων,
1136 605 1216 662 ὧν
1254 609 1357 662 οὐκ
1395 608 1573 676 ὀλίγοι
1616 611 1823 672 πολλὰς
1870 629 1889 661 5

131 703 394 765 πολλάκις
431 703 755 771 προπετείας
793 702 1034 769 ἤνεγκαν
1074 700 1152 761 εἰς
1189 699 1252 751 ἓν
1277 700 1463 767 μόνον
1510 696 1823 766 βλέψαντες,

132 794 234 860 τὴν
271 791 505 860 ἡλικίαν.
587 790 668 843 17.
707 790 798 842 καὶ
838 789 905 842 οὐ
943 791 1118 855 μόνον
1156 797 1272 850 τοῖς
1311 786 1646 857 ἐλευθέροις,
1686 787 1823 840 ἀλλὰ

131 882 222 934 καὶ
276 881 502 942 δούλοις
554 880 660 947 ἤδη
714 897 825 932 που
877 885 1042 931 τοῦτο
1097 878 1158 930 τὸ
1215 878 1432 930 δίκαιον
1490 878 1824 945 συγγνώμην

129 969 371 1039 ἐνήνοχε.
419 970 512 1021 καί
556 988 662 1036 τις,
713 961 888 1034 οἶμαι,
940 968 1208 1035 δεσπότης
1245 966 1430 1038 πρᾴως
1476 968 1616 1035 ἔχων
1655 966 1822 1034 ὤφθη

131 1060 270 1127 πρὸς
308 1058 582 1126 ἁμαρτίαν
628 1056 845 1110 οἰκέτου
891 1055 1037 1110 νέου.
1089 1058 1230 1109 ἔοικε
1269 1056 1373 1125 γὰρ
1412 1055 1446 1123 ἡ
1486 1052 1589 1123 μὲν
1633 1056 1825 1122 νεότης
1848 1073 1891 1106 10

130 1148 378 1217 θαλάττῃ
417 1145 761 1216 κεκινημένῃ,
801 1147 863 1199 τὸ
902 1153 1073 1214 γῆρας
1113 1142 1174 1198 δὲ
1207 1147 1446 1213 γαλήνης
1476 1143 1692 1213 ἡσυχίᾳ.
1731 1143 1822 1196 καὶ

130 1245 294 1290 τοῦτο
334 1236 401 1288 οὐ
440 1237 588 1303 παρὰ
626 1232 729 1304 μὲν
765 1235 898 1303 ἡμῖν
936 1235 1079 1287 οὕτω
1121 1236 1457 1302 νενόμισται,
1496 1233 1825 1301 συγγνώμης

130 1322 193 1377 δὲ
243 1324 600 1393 ἀπεστέρηται
654 1325 802 1393 παρὰ
854 1333 970 1386 τοῖς
1022 1324 1349 1393 βαρβάροις,
1405 1320 1525 1375 ἀλλ’
1576 1321 1822 1390 ὅπουπερ

130 1413 449 1483 ἀνθρώπων
487 1413 670 1481 γένος,
698 1412 828 1466 ’ἐκεῖ
872 1413 962 1465 καὶ
998 1413 1334 1480 παραίτησις
1382 1420 1498 1474 τοῖς
1536 1409 1824 1479 νεωτέροις

131 1503 159 1555 ὀ
208 1505 418 1571 χρόνος.
500 1501 582 1554 18.
630 1501 788 1570 φέρε,
840 1507 897 1554 εἴ
941 1521 1024 1564 τις
1071 1501 1228 1571 ἁλοίη
1274 1510 1387 1553 τῶν
1433 1499 1824 1569 πρεσβυτέρων
1848 1519 1888 1551 15

129 1592 357 1659 μεθύων
395 1589 485 1643 καὶ
526 1600 809 1659 παροινῶν
846 1589 936 1643 καὶ
976 1593 1283 1660 μαχόμενος
1313 1589 1451 1659 ὑπὲρ
1485 1588 1700 1657 ἑταίρας
1731 1587 1821 1641 καὶ

130 1682 351 1733 τύπτων
382 1679 472 1733 καὶ
504 1682 716 1748 πληγὰς
748 1680 1059 1749 λαμβάνων,
1099 1676 1183 1749 ἆρ’
1224 1680 1328 1732 οὐκ
1364 1679 1433 1731 ἂν
1463 1662 1628 1731 τοῦτο
1660 1662 1844 1746 μείζω.

128 1777 280 1822 ποιοῖ
333 1770 433 1837 τὴν
487 1771 844 1837 κατηγορίαν,
900 1769 984 1821 ὅτι
1040 1777 1355 1838 σωφρονεῖν
1409 1766 1539 1821 δέον
1584 1764 1676 1819 καὶ
1726 1775 1821 1834 τῆς

128 1858 340 1925 ἡλικίας
388 1857 592 1927 ῥᾷστον
638 1857 787 1929 αὐτῷ
843 1859 850 1925 Ι
906 1859 967 1910 τὸ
1014 1866 1329 1926 σωφρονεῖν
1374 1857 1642 1924 ποιούσης
1688 1860 1803 1904 RIV
1825 1864 1911 1904 394

129 1943 328 2014 ἔξωρος
367 1944 446 1999 ὢν
485 1947 551 1998 τὰ
589 1956 700 1999 τῶν
738 1946 884 1999 νέων
921 1950 1244 2016 πλημμελεῐ;
1285 1940 1400 1998 εἶτα
1437 1956 1552 2007 τοῖς
1583 1948 1821 2014 πρεσβυ-
1846 1965 1889 1997 20

130 2034 308 2105 τέροις
347 2035 414 2088 οὐ
453 2036 839 2103 μεταδώσομεν
874 2037 1204 2104 συγγνώμης
1235 2035 1309 2098 ὡς
1340 2045 1451 2087 τῶν
1482 2035 1624 2087 νέων
1655 2042 1819 2087 τοῦτο

129 2125 212 2191 ὄν,
251 2124 418 2177 πάλιν
451 2122 503 2177 δ’
540 2122 610 2178 αὖ
642 2134 757 2187 τοῖς
796 2124 1085 2192 νεωτέροις
1117 2124 1542 2192 ἀσυγγνώμονες
1583 2123 1821 2191 ἐσόμεθα

250 2259 305 2297 20
338 2255 445 2298 Luc.
478 2255 594 2298 Tim.
628 2260 652 2308 ξ
679 2260 733 2297 22
858 2260 912 2298 22
946 2255 1075 2299 Dem.
1103 2271 1147 2312 p.
1174 2260 1273 2308 547,
1293 2260 1318 2297 8

252 2364 273 2401 1
315 2334 547 2402 νέων-*01η
574 2361 609 2402 Ι
654 2363 659 2415 1
708 2357 840 2403 ταῦτ’
870 2386 924 2391 ——-
954 2364 1007 2403 15
1052 2357 1218 2416 χρόνος
1255 2358 1521 2414 praemissis
1565 2363 1646 2413 τῆς
1682 2361 1819 2414 θεμι-

131 2431 373 2484 στοκλέους
411 2433 460 2476 ἐκ
498 2439 581 2476 τοῦ
622 2431 839 2478 ἐναντίου
878 2432 1019 2490 μελέτ.
1061 2423 1130 2477 κθ
1167 2433 1284 2476 citat
1316 2432 1476 2476 Macar
1507 2432 1678 2477 1'0185v

132 2497 157 2534 2
183 2492 368 2547 ἀγνοεῖς
391 2491 456 2536 ἔτι
475 2492 514 2536 0
535 2491 542 2549 Ι
567 2490 618 2536 τέ
647 2492 822 2536 inserui
883 2506 958 2536 om
989 2492 1099 2536 libri
1132 2492 1222 2535 edd
1360 2495 1385 2534 3
1418 2492 1474 2535 οὐ
1501 2518 1555 2524 -
1581 2497 1609 2534 4
1641 2490 1820 2546 ἕτοιμος

130 2564 206 2594 om
237 2550 398 2595 Macar
423 2552 430 2607 Ι
457 2557 599 2594 πᾶσιν
628 2552 658 2593 1
776 2557 801 2595 5
835 2552 915 2596 καὶ
947 2551 1200 2596 cancellavi
1233 2565 1338 2595 cum
1370 2549 1526 2594 Gasda
1554 2554 1559 2606 Ι
1586 2557 1678 2594 τῶν
1711 2551 1819 2594 antae

130 2608 276 2661 ξένων
295 2611 326 2653 Ι
443 2614 469 2653 9
494 2609 616 2666 ἔχειν
641 2612 686 2654 Β
810 2616 863 2654 10
888 2611 1008 2656 ἔοικε
1033 2637 1089 2642 -
1118 2615 1169 2653 11
1195 2608 1365 2684 ἡσυχίᾳ
1398 2610 1515 2653 citat
1537 2608 1669 2654 floril.
1695 2609 1818 2652 Nea-

130 2669 221 2724 pol.
249 2668 314 2712 fol
338 2674 424 2713 285
452 2671 458 2724 Ι
486 2667 567 2724 μὲν
600 2669 687 2725 γὰρ
720 2670 747 2726 ἡ
773 2672 809 2714 I
939 2677 990 2713 11
1025 2668 1300 2727 κεκινημένῃ
1326 2671 1368 2713 L
1401 2670 1482 2713 sed
1514 2667 1736 2726 κινημένῃ
1770 2668 1819 2710 iu

128 2770 204 2800 ras
233 2757 303 2800 m²
424 2763 477 2801 16
510 2745 667 2813 ἑτερας
690 2760 799 2803 Lau
922 2763 974 2801 17
1009 2759 1064 2802 οὐ
1097 2765 1231 2802 τοῦτο
1257 2759 1291 2801 Ι
1407 2762 1461 2801 18
1493 2764 1625 2801 ποιοῖ
1653 2757 1818 2812 scripsi

131 2830 155 2858 e
181 2816 289 2861 Lau
346 2823 461 2890 ποιῇ
491 2817 568 2861 CL
594 2818 675 2860 sed
707 2818 755 2860 in
787 2818 875 2862 hoc
907 2824 934 2875 ἦ
958 2818 1008 2860 in
1041 2830 1114 2860 ras
1139 2817 1222 2870 ω’,
1256 2817 1345 2860 edd
1407 2815 1534 2860 ποιεῖ
1555 2817 1634 2859 BI
1689 2823 1822 2859 ποιοῖ

128 2873 204 2919 vel
225 2873 384 2931 ποιοίη
402 2875 697 2919 scribendum
714 2876 818 2920 coni
837 2876 992 2920 Grasda
1114 2881 1169 2919 20
1187 2876 1271 2931 μὲν
1287 2878 1395 2931 post
1408 2882 1505 2925 τοῖς
1520 2875 1818 2918 inserendum

131 2934 236 2977 coni
254 2933 410 2977 Gasda
531 2940 583 2978 21
605 2937 924 2992 συγγνώμονες
942 2936 1124 2979 BILau
1246 2940 1301 2978 22
1319 2935 1403 2978 οὐκ
1429 2937 1538 2978 ante
1563 2932 1766 2989 ἐσόμεθα
1792 2934 1825 2975 Ι
