2026 3192
212 141 321 193 486
695 140 922 185 LIBANII
952 140 1342 186 DECLAMATIO
1376 141 1416 184 X

213 284 494 329 συνοικεῖν
533 295 597 345 με
639 280 876 330 Νεοκλεῖ
913 278 1051 348 τῷδε
1091 278 1152 329 τὸ
1193 284 1363 330 ταῦτα
1402 273 1511 345 ἐφ’4
1537 273 1615 330 ὧν
1653 285 1762 330 νῦν
1793 278 1902 344 εἰμι

211 373 484 435 προτιμᾶν
531 361 610 418 ὧν
660 361 820 427 οὗτος
871 366 1081 418 δίδωσι.
1136 365 1226 419 καὶ
1272 363 1410 434 μηδὲ
1455 362 1546 432 ἐμὲ
1597 366 1907 434 βλάψαντες

214 454 499 521 ἀντιστῆτε
537 455 674 507 κατὰ
714 464 825 507 τῶν
864 453 983 523 ἐμοὶ
1023 457 1436 524 συμφερόντων.

324 543 373 595 4.
429 547 602 596 Δοκεῖ
655 542 721 595 δέ
771 563 863 611 μοι
918 547 1169 612 Νεοκλῆς
1224 543 1323 612 οὐχ
1378 544 1412 595 ἅ
1459 557 1632 610 φησιν
1687 541 1903 596 ἐθέλειν

167 652 188 683 5
215 630 335 684 οὐδ’
381 630 678 698 ἐπιθυμεῖν
717 628 885 694 αὖθις
918 631 1058 701 ἡμᾶς
1097 636 1413 699 συνελθεῖν,
1453 630 1621 684 πάλαι
1653 632 1755 701 γάρ
1794 652 1903 701 μου

186 719 519 788 κατέγνωκε
569 720 672 788 τὴν
726 721 957 788 ἐσχάτην
1006 721 1219 788 κακίαν,
1275 719 1391 773 ἀλλ’
1437 720 1470 788 ἡ
1510 718 1611 789 μὲν
1665 719 1753 773 ἐπὶ
1805 721 1912 772 τὸν

211 803 371 862 οἷκον
409 809 746 877 παράκλησίς
786 807 899 861 ἐστι
937 808 1352 879 παραπέτασμα,
1400 810 1461 863 τὸ
1502 806 1563 861 δὲ
1602 817 1696 877 τῆς
1735 823 1903 862 σπου-

211 899 313 966 δῆς
352 897 622 966 ἀπολογία
661 917 753 960 τις·
781 897 905 967 περὶ
944 907 1056 952 τῶν
1095 899 1173 961 εἰς
1210 897 1303 967 ἐμὲ
1340 897 1737 967 πεπραγμένων
1767 899 1905 967 πρὸς

214 987 354 1054 ὑμᾶς
407 1006 464 1039 τε
517 985 608 1039 καὶ
662 989 792 1049 τοὺς
841 987 1043 1049 ἄλλους
1087 984 1369 1055 ’Έλληνας
1423 988 1749 1040 αἰσθάνεται
1799 987 1903 1054 γὰρ

145 1097 191 1129 1ο
214 1084 325 1128 τῶν
362 1094 418 1127 τε
459 1078 701 1128 πολιτῶν
740 1077 977 1138 πολλοὺς
1008 1084 1120 1129 τῶν
1151 1095 1208 1128 τε
1235 1073 1515 1143 Ἑλλήνων
1546 1075 1647 1128 οὐκ
1679 1075 1906 1144 ὀλίγους

214 1164 660 1232 κατηγοροῦντάς
698 1183 756 1216 τε
796 1163 967 1217 αὑτοῦ
1007 1162 1098 1217 καὶ
1149 1172 1376 1217 τοιαῦτα
1422 1163 1702 1232 λέγοντας·
1760 1157 1904 1217 οἷον

211 1255 334 1323 ἄρα
370 1254 684 1322 ἠδίκησεν
723 1252 793 1306 ἐν
831 1255 1018 1307 παιδὶ
1063 1258 1365 1322 Νεοκλῆς.
1407 1253 1487 1316 ὡς
1526 1255 1753 1322 ἄγριος
1799 1253 1903 1305 καὶ

212 1343 550 1413 θηριώδης
587 1341 694 1395 καὶ
732 1344 1059 1412 προδότης
1106 1346 1175 1396 τό
1213 1362 1281 1410 γε
1321 1341 1522 1395 αὑτοῦ
1562 1340 1756 1412 μέρος
1795 1350 1904 1410 τῆς

123 1435 347 1480 RIV390
394 1440 520 1484 τῶν
551 1429 875 1500 Ἑλλήνων
915 1434 1250 1502 σωτηρίας.
1290 1439 1528 1485 τοῦτον
1567 1431 1850 1500 ἡγήσατο
1887 1429 1898 1501 ᾖ

147 1541 188 1574 15
212 1522 412 1574 κακὸν
468 1519 676 1583 οὕτως
730 1522 886 1573 ὄντα
947 1519 1221 1589 ἀγαθόν,
1281 1528 1517 1573 τοῦτον
1578 1520 1903 1589 ἀποκηρύ-

214 1607 367 1672 ξεως
405 1607 616 1678 ἄξιον,
649 1607 723 1662 ὃν
761 1607 866 1662 καὶ
905 1611 1313 1676 ποιήσασθαι
1358 1609 1509 1662 υἱὸν
1557 1608 1715 1677 μέγα
1760 1607 1902 1676 κέρ-

215 1698 325 1760 δος
379 1698 458 1751 ἄν
511 1717 607 1759 τις
661 1697 982 1765 ἡγήσαιτο
1032 1705 1192 1750 νοῦν
1245 1694 1422 1766 ἔχων.
1499 1697 1548 1750 5.
1588 1695 1679 1750 καὶ
1727 1698 1903 1750 πολλὰ

335 1862 358 1900 7
390 1857 520 1901 Dem.
554 1873 602 1913 p.
629 1861 755 1911 1107,
777 1864 796 1900 1
924 1862 977 1902 13
1011 1858 1067 1901 cf.
1102 1874 1145 1914 p.
1173 1862 1372 1911 319,19;
1405 1860 1437 1901 t.
1463 1857 1526 1900 IV
1551 1862 1650 1910 289,
1671 1862 1726 1901 14

214 2000 271 2062 ἦν
304 2013 536 2050 συνοικεῖν
569 2005 673 2050 coni
695 2005 860 2049 Iacobs
884 2005 997 2051 Lect
1024 2010 1107 2050 118
1171 2007 1221 2049 at
1251 2008 1360 2062 post
1391 2005 1451 2062 μὴ
1482 2005 1781 2049 inserendum
1812 2004 1903 2048 nisi

214 2066 399 2108 tantum
438 2063 723 2121 cogitatione
760 2065 1065 2121 repetendum
1108 2067 1371 2110 λυσιτελεῖν
1399 2068 1404 2122 Ι
1447 2081 1501 2121 με
1531 2064 1706 2108 inserui
1739 2077 1764 2108 e
1798 2064 1904 2108 GrB

274 2140 352 2180 μοι
385 2124 424 2169 C
480 2138 556 2167 om
580 2125 765 2168 LILau
796 2124 887 2167 edd
1134 2172 1138 2174 q

335 2188 360 2225 ·2
393 2179 528 2233 οὗτος
559 2182 724 2239 scripsi
757 2197 781 2227 e
815 2183 961 2228 GrGB
1023 2183 1163 2233 αὐτὸς
1194 2184 1378 2228 LILau
1409 2182 1501 2227 edd
1543 2186 1548 2240 ξ
1592 2183 1707 2239 μηδὲ
1739 2182 1903 2238 scripsi

275 2241 384 2298 μήτε
416 2241 527 2285 libri
560 2242 640 2285 sed
665 2258 712 2286 τε
737 2255 838 2286 eras
863 2245 904 2296 Ι,
929 2242 1021 2286 edd
1049 2244 1054 2299 Ι
1082 2243 1211 2298 ὑμεῖς
1243 2244 1352 2286 ante
1373 2241 1450 2299 ἐμὲ
1474 2243 1518 2286 L
1543 2242 1634 2285 cdd
1696 2242 1846 2286 delevi

217 2299 317 2356 ἐμοί
340 2302 376 2345 Ι
488 2305 513 2343 3
539 2301 776 2358 ἀντιστῆτε
801 2301 966 2357 scripsi
1027 2303 1254 2357 ἀναστῆτε
1277 2300 1387 2344 libri
1412 2301 1503 2344 cdd
1529 2301 1610 2345 sed
1637 2302 1820 2357 „malim
1843 2299 1904 2345 ἂν

218 2365 348 2415 στῆτε
366 2362 437 2416 (ne
459 2362 680 2404 resistatis
697 2362 804 2404 meis
818 2362 1168 2416 entolumentis)“
1188 2360 1256 2404 Re
1317 2359 1603 2417 ἀναστήσητε
1628 2361 1732 2404 coni
1750 2359 1905 2404 Grasda

335 2423 362 2461 4
380 2417 433 2462 δέ
449 2419 613 2475 scripsi
632 2433 657 2463 e
676 2420 897 2464 CBILau
956 2435 1004 2463 τε
1023 2420 1066 2464 L
1083 2419 1173 2463 edd
1285 2423 1309 2461 7
1327 2417 1614 2474 παράκλησίς
1630 2420 1722 2463 ἐστι
1739 2418 1903 2475 scripsi

218 2478 312 2522 ἐστὶ
334 2477 619 2534 παράκλησις
638 2478 858 2522 GBILau
918 2477 1009 2534 ἤδη
1033 2477 1319 2534 παράκλησις
1337 2479 1379 2522 L
1403 2478 1485 2523 sed
1509 2476 1600 2534 ἤδη
1625 2477 1674 2520 in
1696 2492 1786 2531 ras,
1813 2479 1903 2522 edd

219 2537 266 2580 et
286 2536 450 2580 Iacobs
482 2538 588 2580 Add
622 2542 675 2580 19
737 2551 820 2593 pro
853 2536 942 2593 ἤδη
975 2538 1161 2592 „malim
1192 2535 1305 2593 ἤδει*
1337 2538 1404 2581 Re
1435 2537 1662 2593 probante
1694 2537 1902 2581 Iacobsio

219 2596 345 2639 Anth
369 2595 453 2638 Pal
469 2596 532 2638 111
550 2601 633 2639 257
675 2599 680 2650 1
727 2598 909 2652 „malim
939 2599 1080 2641 τῶδε“
1117 2596 1184 2639 Re
1306 2602 1331 2639 S
1363 2596 1443 2639 καὶ
1475 2597 1584 2639 ante
1614 2595 1688 2639 vel
1719 2612 1766 2640 τε
1797 2598 1904 2651 post

219 2652 448 2711 ἀπολογία
486 2655 783 2700 inserendum
823 2655 927 2699 com‘
959 2642 1116 2699 Gasda
1253 2660 1304 2698 11
1341 2655 1485 2699 αὑτοῦ
1517 2654 1683 2711 scripsi
1758 2656 1902 2699 αὐτοῦ

219 2713 327 2756 libri
360 2714 451 2757 edd
478 2716 484 2770 Ι
511 2713 568 2757 τὰ
602 2717 709 2758 ante
732 2720 925 2758 τοιαῦτα
950 2715 1042 2758 BL
1067 2714 1156 2758 edd
1218 2713 1368 2757 delevi
1492 2719 1545 2757 12
1577 2714 1715 2757 παιδὶ
1738 2714 1903 2770 scripsi

220 2786 323 2815 cum
357 2772 513 2816 Gasda
574 2774 706 2816 παισὶ
742 2773 850 2816 libri
883 2773 971 2816 edd
1008 2775 1015 2828 Ι
1056 2772 1196 2816 verba
1231 2773 1341 2816 inde
1373 2786 1400 2815 a
1432 2786 1542 2816 voce
1574 2772 1734 2829 ἄγριος
1764 2786 1902 2829 aegre

219 2831 267 2873 in
294 2831 354 2874 Cr
385 2831 555 2887 dispici
583 2834 760 2887 queunt
893 2836 945 2876 13
977 2829 1029 2875 τό
1062 2848 1110 2887 γε
1137 2832 1278 2875 αὑτοῦ
1311 2831 1447 2887 μέρος
1478 2846 1552 2875 om
1579 2833 1617 2876 G
1735 2836 1788 2875 15
1820 2831 1902 2875 τὸν

221 2890 329 2933 ante
352 2888 498 2940 οὕτως
520 2890 658 2944 inser,
682 2891 764 2935 sed
790 2890 901 2934 ὄντα
933 2905 1007 2934 om
1034 2893 1068 2934 Ι
1183 2895 1235 2933 17
1268 2889 1487 2947 ἡγήσαιτο
1520 2890 1685 2946 scripsi
1717 2892 1902 2934 auctore

221 2947 377 2991 Gasda
438 2948 639 3006 ἡγήσατο
670 2948 779 2992 libri
813 2949 904 2993 edd
