2054 3192
176 1099 218 1131 10

175 1544 216 1576 15

175 1989 217 2020 20

244 140 313 194 98
734 140 962 184 LIBANII
992 140 1383 186 DECLAMATIO
1415 141 1437 186 Ι

243 282 541 346 μασθῆναι.
637 276 758 329 145.
819 277 1184 346 τολμωμένων
1247 273 1350 330 οὖν
1411 286 1522 330 τῶν
1584 277 1937 347 ἀδικημάτων

244 366 503 418 ἀπάντων
548 367 681 434 μετὰ
732 368 861 428 τοὺς
915 368 1121 434 νόμους
1173 365 1264 418 καὶ
1304 366 1405 434 τὴν
1453 365 1733 436 ἐπιζήμιον
1784 366 1934 419 ἀπεί-

244 460 409 507 θειαν
455 454 755 524 κατεβόησέ
797 475 880 517 τις
927 462 1039 508 τοῦ»
1073 456 1338 518 Σόλωνος
1378 454 1410 523 ἢ
1449 465 1623 518 κακῶς
1674 451 1789 508 εἶπε
1837 457 1936 508 τὸν

243 545 535 613 Δράκοντα
580 542 670 596 καὶ
720 544 906 596 δεινὸν
953 544 1323 611 ποιησάμενος
1376 545 1437 596 τὸ
1486 549 1704 613 φθῆναι
1752 549 1935 597 τελευ-

244 635 514 701 τήσαντας
558 634 664 702 πρὸ
712 640 811 686 τοῦ
864 634 1062 685 δοῦναι
1103 633 1265 700 δίκην
1305 631 1589 686 ἐκέλευσεν
1627 633 1936 703 ἀχρήστους

243 726 484 791 νομίζειν
515 721 605 775 καὶ
639 727 945 792 λυμεῶνας,
986 722 1183 784 οὐδείς.
1224 722 1361 775 ἀλλὰ
1393 724 1524 785 τοὺς
1555 719 1655 791 μὲν
1687 729 1935 791 σωτῆρας

242 815 551 880 νομίζομεν,
591 814 721 873 τοὺς
760 808 821 863 δὲ
860 818 1318 880 παρανομοῦντας
1349 812 1663 879 κολάζομεν.
1729 810 1849 863 146.
1880 814 1938 863 τί

243 896 290 952 δ’
337 902 406 952 ἄν
445 921 527 963 τις
567 905 711 953 εἴποι
750 898 874 969 περὶ
914 909 1024 953 τῶν
1062 902 1205 953 πολὺ
1239 900 1638 970 φοβερωτέρων
1675 900 1934 952 διδασκά-

242 993 371 1058 λων,
411 989 584 1058 ὑμῶν,
625 986 666 1042 ὦ
700 987 993 1056 Ἀθηναῖοι,
1033 998 1144 1042 τῶν
1183 990 1539 1054 δικαζόντων;
1579 992 1638 1043 οἳ
1680 989 1747 1042 οὐ
1788 991 1935 1060 λόγῳ

243 1080 645 1146 συμβουλεύετε
685 1079 750 1132 τὰ
783 1079 968 1131 δίκαια
999 1087 1198 1147 ποιεῖν,
1230 1077 1347 1132 ἀλλ’
1386 1076 1547 1150 ἔργῳ,
1586 1079 1936 1146 δημεύοντες,

241 1166 649 1236 ἐξελαύνοντες,
704 1178 820 1230 τοῖς
871 1167 1066 1220 ἕνδεκα
1112 1169 1512 1238 παραδιδόντες
1558 1166 1645 1221 ε’πὶ
1692 1167 1933 1239 θανάτῳ.

240 1249 391 1323 <ὧν>
431 1256 598 1309 οὐδὲν
661 1257 787 1310 οὔτε
849 1259 980 1319 τοὺς
1041 1259 1320 1326 πονηροὺς
1377 1254 1616 1310 ἔπαυσεν
1677 1256 1935 1310 ἀδικοῦν-

240 1365 336 1407 τας
397 1343 526 1398 οὔθ’
595 1346 737 1414 ὑμᾶς
798 1348 1333 1414 καταγινώσκοντας,
1399 1344 1514 1399 ἀλλ’
1569 1347 1622 1399 οἱ
1682 1343 1805 1413 μὲν,
1843 1347 1934 1413 τή-

242 1454 409 1503 μερον
458 1433 941 1503 ἀποθνήσκουσιν,
996 1437 1050 1488 οἱ
1105 1432 1166 1488 δὲ
1212 1443 1308 1504 τῆς
1353 1436 1644 1504 ὑστεραίας
1691 1433 1779 1487 ἐπὶ
1818 1442 1934 1496 τοῖς

243 1523 431 1585 αὐτοῖς
470 1522 803 1576 ἁλίσκονται.
854 1523 945 1577 καὶ
986 1521 1152 1577 οὐδὲν
1193 1522 1398 1594 μήποθ’
1444 1524 1578 1595 εὕρῃ
1625 1522 1934 1592 νομοθέτης

242 1613 318 1674 εἰς
357 1616 626 1681 τιμωρίαν
667 1613 810 1666 οὕτω
851 1614 1049 1682 πικρὸν
1090 1613 1118 1666 ὃ
1158 1615 1372 1682 ποιήσει
1419 1614 1628 1675 πάντας
1668 1615 1934 1676 δικαίους.

244 1701 363 1753 147.
404 1698 519 1754 εἶτα
566 1711 677 1755 τῶν
729 1702 789 1755 έν
838 1711 954 1765 τοῖς
1008 1703 1382 1773 δικαστηρίοις
1434 1703 1715 1755 κινδύνων
1755 1701 1933 1770 ἐξελη-

241 1789 520 1859 λεγμένων
559 1789 650 1843 καὶ
697 1800 793 1860 τῆς
839 1794 1030 1854 κακίας
1075 1795 1284 1860 τολμᾶν
1331 1790 1710 1859 ἐπισταμένης,
1763 1793 1813 1844 εἰ
1857 1791 1931 1859 μὴ

242 1879 543 1947 Σωκράτης
583 1879 687 1933 ἀπὸ
721 1888 832 1932 τῶν
866 1878 925 1932 ἐν
957 1882 1177 1951 Λυκείῳ
1219 1882 1399 1947 λόγων
1440 1881 1683 1942 ἅπαντας
1724 1879 1932 1943 ἁπλοῦς

243 1967 499 2035 ἐποίησεν
541 1963 701 2036 εἶναι,
741 1968 941 2032 ἀδικεῖς
988 1969 1078 2021 καὶ
1116 1970 1246 2031 τοὺς
1284 1968 1387 2037 μὲν
1425 1967 1659 2036 οἰκέτας,
1701 1967 1785 2037 ἐφ’
1834 1970 1933 2032 οὓς

241 2052 409 2107 οὐδὲν
450 2055 538 2107 δει
575 2055 931 2125 δικαστηρίου
970 2055 1061 2109 καὶ
1104 2076 1346 2125 γραφης,
1393 2054 1509 2110 ἀλλ’
1557 2055 1777 2121 ἐξουσία
1816 2068 1931 2121 τοις

242 2145 531 2206 δεσπόταις
566 2144 837 2238 μύλωνος,
877 2145 1077 2212 πεδῶν,
1109 2148 1405 2214 μαστίγων,
1438 2145 1630 2214 στίξαι,
1663 2150 1931 2215 στρεβλῶ-

253 2235 318 2238 ⁴
360 2264 384 2302 6
417 2235 552 2303 Dem.
579 2275 626 2315 p
652 2263 826 2315 807,19
948 2265 1003 2304 22
1036 2261 1178 2305 Arist.
1211 2261 1349 2317 Vesp
1379 2266 1491 2305 1296

362 2368 383 2406 1
418 2362 652 2419 μενόντων
679 2365 768 2407 Μα
889 2368 913 2406 3
947 2363 1196 2422 κατεβόησε
1220 2365 1288 2415 τίς
1312 2364 1490 2409 Gereke
1513 2365 1631 2408 Plat.
1659 2365 1794 2422 Gorg.
1821 2382 1865 2422 p.
1892 2366 1929 2409 L

358 2427 384 2464 4
415 2422 467 2466 τὸ
501 2437 575 2465 om
607 2422 708 2466 Mor
845 2427 867 2465 7
894 2423 1145 2479 κολάζομεν
1171 2450 1225 2456 —
1251 2428 1277 2467 8
1309 2425 1426 2468 πολὺ
1459 2439 1534 2468 om
1567 2427 1656 2469 Ma
1784 2430 1810 2469 8
1844 2442 1929 2481 φο-

239 2480 504 2538 βερωτέρων
536 2489 626 2524 τῶν
658 2481 953 2526 διδασκάλων
988 2485 1077 2527 Μα
1212 2487 1237 2525 9
1271 2497 1452 2527 comma
1488 2487 1595 2540 post
1634 2483 1930 2528 διδασκάλων

238 2540 412 2583 inserui
480 2554 555 2582 om
585 2540 694 2583 libri
726 2541 816 2584 edd
845 2543 850 2597 Ι
877 2542 984 2585 θεοὶ
1018 2543 1298 2586 MaAthUB
1333 2543 1435 2586 Mor
1571 2548 1624 2585 12
1658 2539 1721 2587 ὧν
1753 2543 1929 2586 inserui

240 2600 429 2642 auctore
461 2599 640 2642 Sinteni
710 2613 785 2642 om
815 2600 926 2643 libri
958 2601 1049 2644 edd
1089 2601 1170 2644 sed
1209 2600 1308 2644 ἀλλ’
1347 2599 1466 2657 ὅμως
1495 2602 1791 2645 inserendum
1822 2603 1928 2646 coni

178 2688 180 2690 -
239 2659 320 2713 Re,
347 2655 392 2701 δ’
422 2660 546 2714 (post
569 2658 725 2714 οὐδὲν)
742 2658 905 2702 Iacobs
930 2659 1025 2703 Not
1048 2664 1103 2703 46
1228 2665 1281 2703 13
1307 2662 1737 2717 καταγινώσκοντας
1761 2661 1929 2718 scripsi

241 2732 264 2761 e
306 2718 606 2762 CMaUVaB
674 2719 1136 2774 καταγιγνώσκοντας
1173 2721 1315 2764 AAth
1353 2720 1444 2763 edd
1588 2725 1642 2763 15
1683 2719 1794 2765 ὁδὸν
1833 2722 1930 2765 Ath
1968 2751 1970 2753 -

300 2804 520 2850 οὐδέποτε
554 2806 774 2850 AthUVa
835 2807 1064 2861 οΐὸήποτε
1098 2809 1143 2851 Β
1179 2810 1183 2863 Ι
1221 2795 1348 2864 εύρηι
1365 2809 1410 2851 Β
1487 2803 1590 2862 εὗρε
1620 2807 1781 2852 Iacobs
1813 2808 1929 2852 Lech

241 2868 324 2907 202
462 2868 515 2907 17
549 2863 741 2914 δικαίως
775 2865 812 2909 C
945 2870 998 2908 19
1030 2865 1171 2924 λυκίῳ
1206 2868 1516 2911 MaAthUVa
1571 2869 1576 2920 Ι
1625 2866 1784 2910 ἁπλῶσ
1820 2881 1925 2911 cum

238 2936 312 2966 ras
356 2924 399 2967 U
468 2923 623 2972 ἁπλῶς
663 2924 733 2967 Va
868 2929 924 2967 20
956 2922 1027 2976 οἷς
1058 2912 1153 2970 Ath‘
1181 2925 1248 2968 Re
1379 2931 1430 2969 21
1467 2923 1676 3006 ἐξουσίας
1707 2926 1808 2970 Mor

239 2987 293 3025 22
327 2984 532 3038 μυλῶνος
566 2983 645 3026 CA
678 2982 728 3025 cf
754 2998 796 3038 p.
825 2987 968 3038 36,12
1002 2986 1049 3027 et
1081 2984 1140 3027 ad
1168 2984 1494 3041 t.11543,10¹‚
1521 2982 1678 3029 πέδων
1704 2986 1793 3029 Μα
1823 2984 1929 3028 Mor
