2026 3192
746 112 999 158 NEOCLIS
1033 113 1257 157 ORATIO
1735 114 1804 165 47
1815 113 1841 164 1

155 249 332 318 ἀηδές,
372 247 728 320 ἀποκήρυξις,
775 249 835 301 τὸ
884 247 944 302 δὲ
991 251 1157 318 ἔργον
1203 251 1399 317 καλόν,
1447 248 1845 318 ἐπανόρθωσις.

153 343 314 391 πεῖθε
353 338 584 401 τούτους
622 337 654 406 ἢ
696 337 769 401 ὡς
808 337 868 390 ἐν
908 343 1096 400 καλοῖς
1132 339 1262 407 Ιτότε
1314 339 1662 406 διετρίβομεν
1701 336 1734 406 ἢ
1775 337 1848 399 ὡς

154 427 222 479 οὐ
261 427 497 481 κωλύειν
535 427 640 480 ἀπὸ
673 437 785 480 τῶν
818 425 1177 496 φαυλοτέρων
1217 428 1344 480 ἔδει.
1377 429 1428 479 εἰ
1458 427 1518 479 δὲ
1550 433 1849 495 μισοῦντος

154 516 219 568 τὰ
257 523 484 569 τοιαῦτα
523 513 665 569 εἶναι
705 519 922 585 φήσεις,
964 515 1024 568 ἐν
1063 526 1177 578 τοῖς
1216 523 1494 585 μισοῦσιν,
1536 511 1713 584 οἶμαι,
1759 515 1850 567 καὶ

155 607 284 667 τοὺς
322 606 689 669 διδασκάλους
720 608 986 674 θήσομεν,
1020 607 1076 657 οἳ
1107 605 1304 667 σκύτος
1334 604 1608 673 κάθηνται
1650 603 1850 674 φέρον-
1899 625 1918 656 ε

155 713 243 756 τες
290 693 378 746 καὶ
428 698 559 757 τοὺς
606 693 939 764 ἀργοτέρους
983 702 1096 747 τῶν
1141 686 1286 746 νέων
1333 691 1676 762 ἐπεγείρουσι
1722 696 1851 761 πλη-

157 791 279 850 γαῖς
309 781 397 835 καὶ
431 783 614 846 οὐδεὶς
642 784 830 846 αὐτοῖς
868 791 981 836 τῶν
1011 782 1262 851 πατέρων
1296 786 1302 848 Ι
1338 783 1669 851 χαλεπαίνει,
1716 785 1837 829 RIV
1853 790 1938 830 381

157 868 273 924 ἀλλ’
321 871 507 924 ἴσασιν
546 873 648 942 οὐχ
686 868 853 941 ἦττον
899 873 1061 941 χάριν
1106 881 1218 924 τῶν
1263 874 1491 939 πληγῶν
1529 869 1561 937 ἢ
1603 879 1715 923 τῶν
1754 873 1853 940 μα-

157 963 394 1029 θήσεων.
471 961 556 1014 26.
589 959 706 1014 ἀλλ’
747 958 878 1014 οὐδὲ
909 962 1013 1028 γὰρ
1046 963 1177 1023 τοὺς
1209 958 1436 1027 οἰκέτας,
1478 959 1612 1012 ὅταν
1642 958 1853 1028 πέδαις,

159 1045 201 1101 ὦ
247 1052 644 1118 Θεμιστόκλεις,
684 1050 773 1102 καὶ
806 1050 1020 1119 μύλωνι
1052 1050 1379 1118 κολάζωμεν,
1411 1048 1513 1101 οὐκ
1546 1047 1853 1102 ἀπολλύναι
1878 1070 1921 1102 10

159 1140 489 1206 βουλόμενοι
545 1147 716 1192 ταῦτα
769 1146 1062 1208 ποιοῦμεν,
1119 1137 1237 1192 ἀλλ’
1290 1138 1436 1200 ὅπως
1481 1136 1552 1190 ἂν
1606 1136 1856 1204 ἀμείνοσι

160 1227 377 1290 τούτοις
430 1229 787 1297 χρησαίμεθα.
841 1228 930 1281 καὶ
988 1228 1131 1281 οὕτω
1186 1234 1469 1296 πανταχοῦ
1527 1233 1690 1280 τοῦτο
1744 1235 1857 1279 τῶν

160 1315 484 1384 κηδομένων
538 1315 713 1384 ἐστίν,
771 1315 907 1370 ὥσθ’
972 1318 1024 1369 οἱ
1084 1315 1308 1369 πάντων
1362 1312 1505 1369 εἶναι
1560 1316 1858 1378 δοκοῦντες

160 1405 498 1473 ἡμερώτατοι
535 1414 760 1475 τροφεῖς
797 1406 887 1458 καὶ
919 1407 1020 1475 βοῇ
1053 1406 1143 1458 καὶ
1176 1404 1368 1475 ἀπειλῇ
1400 1405 1491 1457 καὶ
1522 1410 1598 1477 τῷ
1630 1404 1857 1473 ῥαπίσαι

162 1493 253 1547 καὶ
293 1498 517 1557 πολλοῖς
564 1493 769 1564 ἑτέροις
808 1495 841 1548 ἃ
881 1493 1148 1563 τρέφουσι
1196 1499 1432 1547 λυποῦσι
1478 1492 1568 1546 καὶ
1616 1493 1710 1546 διὰ
1746 1502 1858 1546 τῶν
1882 1514 1925 1547 15

163 1583 423 1652 δακρύων
467 1592 580 1638 τῶν
627 1582 713 1653 ἐφ’
761 1583 967 1656 ἑκάστῳ
1008 1584 1223 1637 τούτων
1269 1581 1596 1653 φερομένων
1642 1583 1720 1645 εἰς
1758 1583 1859 1651 τὴν

163 1681 275 1725 τῶν
319 1674 623 1740 βελτιόνων
669 1671 1031 1741 ἐγκαθιστᾶσι
1086 1675 1408 1741 συνήθειαν.
1493 1672 1581 1725 27.
1642 1673 1701 1723 τί
1757 1666 1860 1724 οὖν

165 1762 398 1830 ἠδίκουν
444 1761 629 1830 ἀλγῶν
673 1759 777 1829 μὲν
824 1760 908 1830 ἐφ’
957 1755 1042 1824 οἷς
1087 1762 1354 1830 ἠτύχουν,
1405 1761 1744 1829 πειρώμενος
1799 1759 1862 1812 δὲ

166 1854 328 1904 λῦσαι
383 1858 546 1904 τοῦτο
602 1851 661 1903 τὸ
718 1850 1002 1921 δυσχερές;
1067 1851 1132 1904 οὐ
1196 1851 1387 1904 κοινὸν
1435 1847 1716 1918 Ἑλλήνων
1768 1847 1861 1901 καὶ

286 1988 311 2025 6
344 1981 402 2025 of.
434 1984 468 2025 t.
493 1982 558 2025 IV
586 1987 685 2037 186,
706 1986 731 2024 2
751 1996 817 2038 sq.

288 2105 312 2144 2
352 2104 492 2145 πεῖθε
530 2101 724 2151 τούτους
771 2100 936 2157 scripsi
976 2102 1166 2144 auctore
1206 2100 1273 2144 Re
1335 2097 1481 2157 πείθῃ
1525 2099 1707 2149 τούτοις
1753 2097 1864 2142 libri

170 2160 251 2203 sed
289 2159 340 2203 in
378 2164 516 2204 πεῖθε
555 2161 748 2212 τούτους
793 2174 895 2204 corr
925 2159 1005 2214 122,
1047 2160 1135 2203 edd
1215 2162 1353 2203 πεῖθε
1394 2158 1444 2203 ἐν
1483 2158 1666 2208 τούτοις
1702 2157 1864 2201 Iacobs

169 2219 283 2263 Lect
308 2224 390 2263 117
421 2223 427 2275 Ι
454 2218 481 2274 ἢ
514 2219 689 2263 inserui
721 2233 746 2263 e
781 2220 1048 2264 OMaILau
1110 2233 1184 2263 om
1210 2220 1301 2263 BL
1334 2218 1426 2261 edd
1461 2221 1467 2275 Ι
1506 2215 1762 2275 διατρίβων
1792 2216 1865 2260 Ia-

172 2278 280 2322 cobs
316 2281 324 2334 Ι
359 2279 565 2335 ἐγκαλεῖς
590 2279 628 2324 C
658 2282 664 2334 Ι
700 2286 864 2329 κακοῖς
887 2280 921 2322 Ι
1036 2283 1062 2321 3
1095 2276 1492 2334 ἀποφαυλοτέρων
1517 2278 1553 2321 Ι
1580 2279 1585 2332 Ι
1622 2282 1867 2332 μισοῦντος

170 2338 357 2394 reposui
405 2351 428 2382 e
479 2338 747 2383 CBLILau
795 2352 899 2382 cum
944 2337 1152 2382 Iacobsio
1201 2336 1358 2381 Gasda
1407 2334 1580 2380 Cobeto
1629 2334 1730 2380 coll
1778 2339 1864 2378 293

173 2396 275 2441 0011.
308 2412 353 2453 p.
380 2401 480 2450 497,
499 2401 556 2440 20
618 2403 841 2453 μισοῦντα
867 2398 955 2441 Ma
980 2397 1071 2440 edd
1194 2401 1218 2439 5
1245 2402 1410 2446 σκῦτος
1429 2394 1537 2440 Iof.
1564 2394 1657 2438 t.11
1675 2398 1864 2449 151,20;

171 2455 235 2499 IV
262 2460 397 2511 186‚4
520 2460 547 2499 8
579 2451 718 2510 ἧττον
751 2456 916 2512 scripsi
949 2469 973 2500 e
999 2456 1174 2500 CILau
1234 2452 1352 2510 ἥττω
1377 2455 1559 2499 MaBL
1584 2453 1666 2498 sed
1696 2454 1747 2497 in
1777 2453 1867 2497 hoc

171 2515 182 2529 '
212 2517 258 2558 et
289 2533 324 2559 ω
356 2515 404 2558 in
436 2528 510 2558 ras
543 2515 626 2569 ω’,
658 2515 749 2559 edd
870 2520 895 2558 9
930 2513 1029 2559 ἀλλ’
1065 2530 1140 2559 om
1168 2515 1258 2559 Ma
1299 2517 1305 2570 Ι
1350 2512 1459 2558 οὐδὲ
1492 2527 1566 2558 om
1594 2515 1681 2558 Ma
1742 2513 1798 2556 οὐ
1834 2512 1870 2557 0

234 2574 314 2618 καὶ
343 2575 388 2618 Β
533 2578 587 2617 10
620 2565 655 2617 ὦ
686 2572 1004 2630 θεμιστόκλεις
1038 2572 1206 2624 πέδαις
1231 2573 1268 2616 G
1314 2576 1320 2630 Ι
1370 2572 1543 2629 μύλωνι
1583 2573 1640 2617 ef.
1675 2571 1735 2615 ad
1766 2571 1868 2615 t.11

175 2637 277 2688 543,
298 2637 350 2677 10
386 2634 392 2689 Ι
427 2632 687 2689 κολάζωμεν
726 2633 912 2689 reposui
945 2647 969 2676 e
1004 2633 1288 2677 CMaLLau
1362 2630 1613 2687 κολάζομεν
1638 2633 1684 2676 Β
1717 2630 1807 2674 edd

175 2691 444 2748 κολάζωμεν
476 2694 510 2735 Ι
626 2697 679 2735 12
712 2692 893 2742 τούτοις
931 2692 1118 2748 reposui
1158 2705 1184 2735 0
1218 2691 1486 2736 OBLILau
1560 2690 1754 2740 τούτους
1778 2691 1868 2734 Ma

177 2751 269 2794 edd
311 2753 317 2806 1
359 2752 639 2808 χρησώμεθα
666 2753 756 2796 Μα
787 2754 834 2795 et
867 2750 1024 2795 Gasda
1059 2752 1109 2794 at
1141 2750 1198 2794 cf.
1229 2753 1263 2794 t.
1288 2750 1330 2794 II
1355 2754 1469 2804 21,9
1514 2752 1689 2806 Ιτοῦτο
1723 2762 1799 2793 om
1822 2749 1869 2792 Β

314 2815 367 2854 14
399 2810 676 2866 ἡμερώτεροι
703 2811 740 2855 Ο
859 2815 911 2853 17
945 2810 1253 2867 ἐγκαθιστῶσι
1278 2811 1352 2853 Β]
1384 2809 1466 2852 sed
1496 2808 1546 2852 in
1577 2808 1665 2851 hoc
1697 2826 1732 2851 ω
1758 2821 1814 2851 ex
1839 2824 1870 2850 α

179 2882 280 2912 corr
310 2869 379 2912 m²
509 2873 561 2912 19
594 2871 728 2912 λῦσαι
759 2868 911 2925 (λύσαι
936 2869 1032 2924 BD
1068 2875 1204 2913 τοῦτο
1238 2868 1402 2925 scripsi
1435 2881 1459 2912 e
1487 2867 1803 2912 OMaBILau

178 2935 315 2972 τοῦτο
347 2930 481 2972 λῦσαι
504 2929 547 2972 L
579 2928 669 2971 edd.
