2026 3192
228 129 338 181 490
710 130 938 174 LIBANII
968 129 1122 174 DECL
1129 130 1358 175 AMATIO
1391 132 1432 175 X

226 266 405 335 παρὸν
445 266 793 334 διαφύγοιμι,
831 266 999 318 πάλιν
1039 264 1120 318 ἐπ’
1164 267 1354 328 ἄλλοις
1393 265 1541 319 τισὶν
1579 265 1692 334 ἥξει
1731 267 1919 336 φέρων

227 353 578 423 ἀποκήρυξιν.
621 350 819 425 ῥᾴδιον
856 355 961 424 γὰρ
1001 347 1144 407 εἶναι
1183 362 1437 423 μισοῦντι
1489 353 1653 425 πατρὶ
1693 361 1919 409 συνθεῖ-

226 463 318 495 ναι
357 444 491 496 κατὰ
535 443 730 505 παιδὸς
769 443 958 504 αἰτίας.
999 444 1227 511 ἄμεινον
1266 438 1370 496 οὗν
1409 436 1549 496 εἶναι
1580 445 1918 511 μεταστάντα

135 535 358 580 R1V392
406 535 503 600 ζῆν
542 531 687 593 ὅπως
726 530 796 583 ἂν
835 533 1111 601 συμβαίνῃ
1148 530 1154 602 Ι
1200 531 1232 599 ἢ
1271 532 1562 601 πράγματα
1600 529 1746 601 ἔχειν
1783 531 1910 587 καθ’

180 643 199 675 5

158 1086 200 1120 10

158 1533 200 1566 15

160 1976 201 2009 20

225 618 456 688 ἑκάστην
494 618 707 689 ἡμέραν
746 619 835 672 καὶ
883 619 1123 672 ἀπειλῶν
1171 619 1395 674 ἀκούειν
1441 621 1530 673 καὶ
1582 624 1752 689 συζῆν
1791 621 1919 676 ἀπο-

223 707 498 777 κηρύξεως
552 709 707 779 φόβῳ
770 713 1014 762 οἴκοθεν.
1095 709 1178 761 11.
1234 717 1334 762 τοῦ
1382 706 1443 762 δὲ
1481 706 1582 776 μὲν
1629 711 1806 763 πολλὰ
1846 712 1918 763 εἰ-

223 800 446 865 πόντος,
512 796 646 863 ἐμοῦ
710 797 771 850 δὲ
825 796 891 849 οὐ
946 797 1340 866 φθεγγομένου
1394 798 1455 850 τὸ
1511 799 1654 861 εἰκὸς
1709 798 1918 867 ἐγίνετο

223 887 369 953 παρὰ
415 895 528 938 τῶν
569 886 905 950 δικαζόντων
951 885 1041 939 καὶ
1091 890 1553 955 κατεψηφίσαντο.
1605 881 1712 940 εἷθ’
1759 883 1921 951 οὗτος

223 975 325 1043 μὲν
364 972 525 1045 ἀπῄει
567 975 804 1043 φαιδρός
842 994 899 1027 τε
937 975 1029 1027 καὶ
1068 976 1336 1044 γεγηθώς,
1378 976 1557 1046 ὥσπερ
1602 977 1655 1029 οἱ
1693 978 1759 1028 τὰ
1798 979 1919 1045 τρό-

223 1083 358 1116 παια
398 1063 668 1131 ἱστάντες,
722 1062 826 1130 ἐγὼ
867 1063 928 1116 δὲ
966 1067 1200 1134 μετρίως
1239 1063 1425 1135 φέρων
1463 1066 1564 1133 τὴν
1602 1066 1789 1134 τύχην.
1827 1064 1916 1118 καὶ

225 1153 327 1206 οὐκ
366 1152 436 1205 ἂν
480 1154 653 1221 φαίην
687 1153 761 1214 ὡς
795 1152 1045 1222 ἠπόρουν
1082 1162 1194 1206 τῶν
1232 1153 1655 1222 ὑποδεχομένων
1687 1152 1807 1206 οὐδ’
1847 1154 1920 1216 ὡς

223 1239 451 1310 ἤλεγξεν
491 1240 520 1293 ὁ
563 1241 752 1309 καιρὸς
793 1242 923 1303 τοὺς
963 1240 1278 1310 φάσκοντας
1324 1234 1465 1294 εἶναι
1506 1244 1730 1311 φίλους,
1777 1239 1918 1311 ἦσαν

224 1330 329 1399 γὰρ
386 1330 459 1392 ὡς
516 1328 739 1398 ἀληθῶς
791 1329 894 1382 κάν
947 1340 1066 1392 ταῖς
1121 1338 1446 1400 συμφοραῖς.
1507 1331 1598 1383 καὶ
1651 1339 1920 1385 τοσοῦτον

225 1417 423 1487 ἀπέσχε
470 1425 570 1470 τοῦ
619 1419 936 1486 δυνηθῆναι
990 1427 1173 1471 πεῖσαι
1229 1428 1434 1488 φυγεῖν
1477 1420 1573 1482 τὰς
1619 1417 1730 1489 μετ’
1786 1419 1918 1486 ἐμοῦ

226 1508 511 1575 διατριβὰς
555 1509 686 1570 τοὺς
731 1507 1022 1575 ἡλικιώτας
1068 1506 1206 1561 ὥσθ’
1261 1509 1313 1561 οἱ
1367 1507 1563 1562 πολλοὶ
1610 1518 1721 1561 τῶν
1771 1507 1917 1576 γένει

225 1600 489 1664 λαμπρῶν
529 1594 810 1665 ἐρρῶσθαι
849 1605 966 1658 τοῖς
1012 1596 1196 1649 αὑτῶν
1236 1597 1545 1666 φράσαντες
1592 1600 1919 1664 γυμνασίοις

226 1687 304 1748 εἰς
328 1687 700 1754 -Κυνόσαργες
754 1686 989 1755 ἔτρεχον.
1039 1684 1124 1755 ἐφ’
1172 1685 1270 1748 οὓς
1317 1685 1463 1748 ὅπως
1514 1686 1581 1738 οὐ
1628 1684 1916 1755 παρώξυνε

224 1775 354 1836 τοὺς
391 1772 628 1842 πατέρας
660 1772 850 1827 οὑτοσὶ
881 1778 1133 1842 Νεοκλῆς
1164 1772 1296 1827 οὐδὲ
1325 1772 1543 1828 ἔπεισεν
1580 1774 1915 1844 ἀποκηρύξαι

225 1861 403 1931 λέγων
456 1862 541 1915 ὅτι
597 1863 886 1931 διαφθερῶ
941 1864 1073 1925 τοὺς
1126 1864 1266 1925 υἱεῖς
1323 1863 1510 1925 αὐτοῖς
1563 1862 1653 1916 καὶ
1708 1862 1922 1936 ἐμαυτῷ

224 1953 434 2019 ποιήσω
485 1954 901 2019 παραπλησίους
952 1953 1287 2020 τεθαύμακα.
1368 1952 1449 2005 12.
1505 1952 1609 2021 ἐγὼ
1664 1950 1766 2020 μὲν
1811 1947 1916 2004 οὖν

346 2161 398 2198 17
431 2155 554 2200 Plub.
589 2155 747 2199 Them.
776 2161 814 2199 1.
848 2156 906 2200 cf.
938 2156 1067 2199 Dem.
1103 2170 1166 2200 or.
1191 2156 1341 2200 XXIII
1371 2161 1395 2209 ξ
1422 2162 1506 2200 213

347 2354 368 2392 1
412 2349 460 2393 ἐν
499 2348 793 2407 τούτῳ·3,ηῖθ
833 2348 1111 2405 διαφύγοιμι
1146 2349 1183 2394 0
1218 2351 1265 2392 et
1303 2348 1351 2391 in
1391 2362 1467 2392 ras
1500 2354 1525 2391 2
1558 2349 1638 2392 litt
1666 2347 1732 2393 L²
1764 2348 1854 2391 edd

226 2407 378 2452 delevi
437 2414 603 2451 τοῦτον
636 2407 891 2465 (Neoclem)
924 2407 1027 2450 coni
1059 2408 1126 2451 Re
1262 2412 1287 2450 2
1321 2410 1430 2451 ansse
1462 2407 1749 2463 ἀποκήρυξιν
1777 2420 1853 2450 ras
1887 2411 1912 2449 2

223 2466 304 2510 liti:
322 2468 365 2511 L
469 2472 496 2509 4
522 2463 770 2524 συμβαίνοι
790 2466 827 2511 C'
849 2470 855 2519 1
882 2463 1000 2510 καθ’
1023 2466 1219 2522 ἑκάστην
1236 2468 1280 2511 L
1305 2467 1386 2511 sed
1408 2466 1420 2482 '
1441 2465 1451 2481 ³
1484 2467 1577 2510 add
1601 2466 1671 2510 m²
1776 2471 1800 2509 6
1830 2471 1911 2509 τοῦ

227 2525 278 2571 δὲ
312 2526 395 2581 μὲν
426 2525 571 2569 πολλὰ
603 2523 815 2576 εἰπόντος
846 2525 1009 2581 scripsi
1042 2539 1066 2569 e
1092 2527 1137 2569 B
1213 2529 1349 2571 τοῦδε
1382 2527 1481 2582 (sed.
1501 2525 1511 2540 ¹
1548 2539 1688 2582 supra
1720 2541 1741 2569 ε
1765 2524 1911 2580 Lau2)

225 2585 309 2641 μὲν
341 2583 447 2642 (μὴν
478 2585 527 2632 0,
557 2587 726 2629 πολλοῦ
755 2586 915 2641 (πολοῦ
941 2586 992 2641 Ι)
1024 2582 1252 2641 ῥηθέντος
1277 2586 1453 2630 CILau
1492 2587 1670 2629 πολλῶν
1709 2583 1790 2641 μὲν
1827 2581 1912 2629 οὖν

224 2643 354 2698 παρὰ
392 2645 530 2687 τοῦδε
570 2641 810 2700 ῥηθεντων
844 2644 886 2686 L
925 2644 1005 2687 sed
1049 2646 1228 2688 πολλῶν
1268 2644 1351 2700 μὲν
1392 2641 1474 2688 οὖν
1513 2643 1643 2699 παρὰ
1684 2643 1820 2687 τοῦδε
1862 2643 1911 2686 in

225 2717 300 2745 ras
330 2701 415 2758 m²‚
447 2702 538 2746 edd
661 2707 684 2746 7
727 2700 930 2759 ἐγίγνετο
963 2703 1120 2746 BLau
1241 2708 1265 2746 8
1307 2702 1451 2753 οὕτως
1474 2704 1583 2747 Lau
1706 2707 1757 2745 11
1796 2702 1911 2745 ὑπο-

227 2760 485 2817 δεξομένων
524 2760 669 2805 Cobet
701 2761 801 2805 Con
832 2765 916 2804 261
959 2761 1049 2805 coll
1089 2763 1122 2805 t.
1147 2761 1207 2804 1V
1233 2762 1436 2817 686‚5R
1580 2765 1633 2805 13
1670 2761 1731 2811 ὡς
1769 2774 1844 2804 om
1878 2761 1914 2805 Ο

370 2825 423 2864 15
464 2818 571 2863 ὥστ’
608 2820 699 2863 edd
749 2822 754 2875 Ι
805 2819 928 2877 γένει
961 2835 1035 2865 om
1059 2822 1094 2864 I
1231 2825 1284 2864 16
1325 2822 1478 2865 αὐτῶν
1512 2820 1676 2877 scripsi
1715 2834 1740 2862 e
1773 2819 1845 2863 CI

227 2879 380 2923 αὐτῶν
412 2879 615 2923 BLLau
646 2879 738 2923 edd
882 2884 934 2923 17
977 2880 1062 2923 οὐκ
1090 2877 1197 2924 »ἔσθ’
1236 2880 1344 2923 ειηί-,ο
1386 2878 1509 2931 ὅπως
1540 2881 1575 2923 Ι
1711 2883 1765 2922 19
1809 2881 1910 2922 δια-

228 2935 411 2992 φθείρω
447 2939 485 2983 Ο
507 2938 514 2996 Ι
540 2945 637 2988 τοῖς
667 2938 787 2988 υἱοῖς
812 2939 919 2982 Lau
947 2940 953 2994 Ι
982 2940 1134 2982 αὐτῶν
1167 2940 1201 2982 Ι
1315 2943 1369 2981 20
1401 2938 1677 2994 τεθαύμακα
1710 2951 1785 2981 om
1808 2938 1843 2980 I
