2026 3192
0 2895 9 3020 -υ--ν
0 2792 6 2882 ι-πᾈ
0 2701 1 2705 Α
0 2681 1 2685 Α

218 828 455 891 Sequitur
495 827 730 878 Orestis
770 829 1002 879 defensio.
1073 831 1205 878 Nam
1245 846 1371 893 quae
1409 832 1462 879 in
1503 831 1800 881 editionibus

105 897 250 971 (Mor.
268 903 294 950 I
316 921 363 966 p.
386 905 516 965 2573
540 904 704 952 Reisk.
723 904 795 952 IV
811 921 857 967 p.
879 898 972 971 80)
998 904 1113 952 huic
1137 905 1385 953 antecedit
1409 905 1681 955 Patrocli
1705 907 1799 955 de-

106 978 396 1026 clamatio
426 993 581 1040 aeque
607 981 757 1041 atque
772 973 997 1042 Ῥήτορος
1020 978 1161 1044 λόγος
1186 978 1332 1044 (Mor.
1357 978 1381 1026 I
1411 997 1458 1042 p.
1489 981 1616 1041 7003
1647 981 1704 1028 R.
1728 981 1800 1028 IV

105 1070 151 1116 p.
173 1046 303 1120 512)
330 1054 380 1101 et
404 1050 599 1116 Πατρὸς
624 1050 864 1118 ἀπολογία
889 1047 958 1120 (R
974 1053 1046 1101 IV
1069 1070 1117 1116 p.
1139 1047 1267 1119 771)
1293 1069 1406 1102 non
1431 1054 1674 1103 Libanii
1703 1055 1802 1103 sed

108 1127 375 1176 Choricii
407 1129 509 1176 est.
572 1126 642 1175 Ut
665 1127 755 1175 sub
783 1127 933 1175 huius
963 1128 1162 1176 nomine
1193 1129 1390 1192 integra
1420 1144 1521 1176 una
1554 1145 1666 1177 cum
1699 1128 1800 1178 δια·

107 1199 248 1263 λέξει,
289 1217 437 1264 quam
476 1203 531 1249 in
561 1201 823 1266 Philologo
855 1201 970 1250 LIV
1001 1219 1048 1265 p.
1078 1204 1180 1250 122
1200 1218 1271 1265 sq.
1305 1202 1461 1263 edidi,
1500 1203 1666 1252 codice
1698 1204 1802 1253 Ma-

105 1276 303 1325 tritensi
335 1276 525 1324 N-101
554 1277 638 1324 fol.
668 1277 771 1325 176
806 1279 1004 1326 servata
1036 1279 1111 1326 est
1141 1280 1191 1326 et
1222 1280 1333 1326 octo
1364 1278 1463 1326 loci
1485 1277 1537 1325 in
1561 1278 1802 1343 florilegio

106 1351 307 1399 Ioannis
340 1349 600 1415 Georgidis
631 1351 807 1399 traditi
839 1353 968 1410 sunt,
998 1351 1072 1399 ita
1104 1351 1248 1400 stilus
1291 1351 1633 1414 imprimisque
1666 1354 1803 1401 clau-

108 1426 331 1474 sularum
362 1441 536 1473 norma
566 1426 710 1473 illum
743 1429 1013 1486 aversatur,
1043 1426 1174 1474 hunc
1206 1426 1410 1486 clamat,
1442 1427 1494 1473 id
1525 1426 1658 1489 quod
1689 1444 1805 1476 mox

109 1500 454 1549 dissertatione
500 1499 882 1549 Vratislaviensi
929 1516 959 1548 a
1007 1499 1219 1565 Georgio
1274 1501 1472 1549 Pietsch
1526 1502 1804 1564 conscripta

110 1574 335 1623 omnibus
379 1573 645 1638 probatum
682 1574 748 1623 iri
786 1590 942 1637 sper0.
1014 1573 1223 1637 Saepius
1261 1577 1315 1623 in
1358 1575 1802 1624 declamationibus

111 1648 517 1698 antecedentibus
543 1664 752 1712 quarum
775 1665 921 1697 usum
947 1649 1177 1710 ostendit,
1203 1666 1329 1712 quae
1351 1652 1456 1699 sine
1481 1649 1630 1699 dubio
1655 1665 1804 1700 causa

110 1724 209 1771 fuit
238 1725 296 1770 ut
320 1725 484 1772 aetate
517 1723 637 1772 satis
669 1726 868 1772 vetusta
900 1739 1013 1772 cum
1044 1723 1145 1772 illis
1179 1725 1559 1786 consociaretur,
1599 1725 1662 1772 ad
1695 1740 1803 1773 eam

110 1800 399 1861 provocavi,
439 1798 736 1846 declamatio
775 1814 892 1848 vero
930 1800 1041 1861 ipsa
1080 1814 1228 1860 quam
1265 1799 1417 1847 etiam
1448 1798 1804 1848 Boissonadius

111 1890 158 1935 p.
198 1873 302 1920 239
321 1888 392 1936 sq.
443 1872 689 1935 Choricio·
715 1872 914 1935 tribuit,
960 1889 1060 1920 una
1106 1888 1218 1922 cum
1263 1873 1454 1922 duabus
1499 1874 1705 1936 reliquis
1751 1874 1803 1921 in

112 1947 362 1997 volumine
401 1947 598 1996 demum
630 1964 726 2010 quo
765 1947 914 1996 huius
953 1962 1103 2010 opera
1135 1948 1612 2011 comprehendentur
1641 1948 1804 1996 locum

111 2021 343 2071 inveniet.
