2026 3192
971 495 1061 548 IX.
1102 497 1164 548 X.

335 621 643 668 Declamatio
674 620 912 682 inscripta
938 618 1104 668 Μετὰ
1136 618 1199 667 τὰ
1232 617 1291 667 ἐν
1320 622 1619 681 Σαλαμῖνι
1650 618 1911 686 ἀναλαμ-

222 694 428 759 βάνειν
460 691 625 752 ἀξιοῖ
642 696 909 757 Νεοκλῆς
933 692 1032 742 τὸν
1062 691 1457 757 Θεμιστοκλέα
1482 710 1582 756 qua
1605 694 1856 745 Neocles
1882 713 1913 744 a

221 769 464 816 iudicibus
489 768 614 830 petit
640 770 696 815 ut
727 768 1080 815 Themistocles
1105 767 1236 816 filius
1262 783 1409 830 quem
1441 768 1804 818 adulescentem
1827 771 1910 819 ab·

221 836 534 908 dicaveratst)
553 845 666 904 post
690 842 951 890 victoriam
982 858 1097 890 vero
1133 841 1458 890 Salaminiam
1488 843 1706 904 recipere
1739 845 1911 910 voluit,

221 917 284 964 ad
315 918 479 979 ipsum
514 917 672 963 redire
705 916 949 976 iubeatur,
981 919 1031 963 et
1064 916 1304 979 antilogia
1336 932 1434 978 qua
1475 916 1911 967 Themistocles

219 991 271 1039 id
310 993 517 1051 recusat,
548 991 680 1038 inter
711 1006 793 1038 eas
830 994 944 1038 sunt
976 1006 1101 1052 quae
1131 990 1295 1038 minus
1327 991 1558 1052 plausum
1591 991 1827 1040 tulerunt.

330 1066 575 1113 Numerus
600 1064 757 1128 igitur
780 1064 1002 1112 codicum
1029 1064 1206 1126 quibus
1232 1064 1295 1111 ad
1318 1067 1541 1113 nostram
1565 1067 1779 1113 aetatem
1802 1084 1909 1129 per-

219 1140 461 1187 venerunt
490 1155 589 1186 non
621 1138 694 1186 ita
725 1154 935 1201 magnus
969 1141 1053 1186 est.
1120 1137 1246 1186 Sunt
1277 1138 1406 1186 enim
1438 1139 1491 1185 hi
1527 1141 1615 1186 19:

335 1217 378 1260 1.
413 1213 1005 1274 Hierosolymitanus
1047 1212 1256 1260 Sanctae
1289 1211 1458 1260 Crucis
1495 1215 1560 1260 57
1596 1207 1677 1278 (Ξ
1705 1208 1790 1280 Cr)
1823 1231 1908 1276 pa-

217 1288 499 1350 limpsestus
548 1288 731 1335 saeculi
768 1283 857 1351 XI]
861 1287 960 1334 XII
1007 1288 1227 1335 continet
1273 1304 1298 1334 e
1337 1287 1500 1348 priore
1549 1287 1909 1338 declamatione

217 1362 337 1409 folio
367 1363 456 1409 15r
479 1361 630 1409 verba
648 1361 759 1408 inde
786 1377 816 1408 a
838 1378 885 1422 p.
907 1362 1107 1421 473,15
1135 1358 1299 1425 ἀλγεῖν
1324 1357 1412 1423 μὲν
1435 1377 1591 1423 usque
1617 1361 1678 1408 ad
1703 1363 1824 1424 475,
1840 1365 1905 1410 14

128 1486 133 1492 ,
216 1434 400 1483 εἰδόσιν
425 1432 508 1494 ὡς,
543 1435 663 1484 folio
698 1437 813 1482 43vr
843 1435 994 1482 verba
1024 1435 1139 1483 inde
1172 1451 1201 1482 a
1232 1452 1277 1496 p.
1305 1437 1427 1495 479,
1450 1437 1637 1484 ΙΟτῶν
1662 1450 1909 1499 περιεστη-

216 1509 373 1557 κότων
397 1525 550 1571 usque
577 1510 640 1557 ad
657 1511 822 1569 483‚5
848 1509 1170 1573 καρπούσθω,
1194 1508 1314 1556 folio
1342 1511 1458 1556 42ΠΓ
1473 1509 1622 1556 verba
1646 1512 1907 1571 sequentia

214 1584 328 1631 inde
354 1599 383 1630 a
401 1601 448 1646 p.
469 1585 631 1644 483‚5
652 1583 723 1642 τίς
747 1589 897 1631 ταῦτα
921 1599 1075 1644 usque
1097 1583 1159 1630 ad
1179 1582 1321 1630 finem
1338 1600 1385 1644 p.
1405 1584 1606 1644 483,15
1625 1590 1712 1646 τῆς
1735 1581 1905 1649 ἑορτῆς

216 1660 365 1719 atque
399 1674 457 1705 ex
489 1659 645 1705 altera
679 1657 1036 1706 declamatione
1065 1657 1263 1704 initium
1295 1673 1450 1718 usque
1483 1658 1545 1705 ad
1580 1659 1787 1718 487,15
1822 1658 1905 1707 δυ-

213 1731 438 1794 νάμενος,
470 1732 591 1779 folio
621 1733 713 1779 12v
737 1731 886 1779 verba
910 1730 1023 1778 inde
1049 1747 1079 1779 a
1102 1748 1149 1793 p.
1177 1733 1299 1791 491,
1320 1733 1387 1778 10
1413 1731 1461 1778 τί
1480 1738 1630 1779 ταῦτα
1654 1747 1809 1794 usque
1841 1734 1904 1780 ad

215 1807 379 1867 492‚2
407 1805 589 1870 λαβεῖν,
605 1806 727 1853 folio
753 1807 865 1853 17vr
880 1805 1032 1853 verba
1055 1805 1169 1853 inde
1194 1821 1223 1852 a
1240 1822 1286 1866 p.
1309 1806 1428 1865 503,
1445 1809 1506 1853 11
1530 1803 1586 1852 τὰ
1610 1804 1724 1870 ἔργα
1749 1822 1904 1869 usque

214 1880 278 1927 ad
300 1879 447 1927 finem
467 1881 588 1940 507,
610 1881 674 1928 13
696 1873 765 1928 ὧν
790 1878 995 1927 ἔπαθον.
1031 1880 1113 1928 sed
1137 1880 1373 1942 pleraque
1399 1879 1575 1928 abrasa
1600 1883 1727 1941 sunt,
1744 1896 1903 1942 pauca

213 1956 345 2001 certo
378 1954 477 2016 legi
508 1956 727 2016 possunt.
790 1953 915 2000 Vide
948 1969 1099 2015 supra
1130 1970 1176 2015 p.
1207 1955 1310 2000 154
1328 1969 1399 2015 sq.
1462 1953 1679 2001 Excussi.

326 2030 370 2075 2.
409 2027 725 2075 Ohisianus
757 2029 800 2074 R
824 2027 896 2074 VI
921 2029 989 2074 43
1017 2020 1097 2092 (=
1125 2021 1185 2093 C)
1211 2042 1333 2074 saec.
1360 2027 1623 2090 XHIJXIV
1649 2029 1731 2075 fol.
1759 2030 1829 2076 30
1854 2031 1903 2075 et

215 2104 297 2150 34.
360 2101 485 2148 Vide
517 2104 553 2149 t.
579 2102 603 2148 I
633 2119 680 2163 p.
711 2104 777 2149 10
796 2117 865 2163 sq.
933 2101 1144 2149 Contuli.

326 2178 371 2223 3.
415 2175 796 2223 Matritensis
830 2176 996 2235 4679,
1042 2175 1160 2224 olim
1192 2176 1345 2223 N-49
1381 2170 1461 2240 (τι
1486 2169 1592 2239 Ma)
1633 2191 1757 2223 saec.
1783 2175 1901 2222 XIV

211 2251 294 2296 fol.
325 2251 442 2297 193.
507 2249 632 2297 Vide
664 2252 699 2296 t.
723 2249 749 2296 I
780 2266 825 2310 p.
855 2250 958 2297 362
979 2265 1048 2310 sq.
1092 2251 1141 2296 et
1171 2252 1205 2296 t.
1231 2248 1303 2295 IV
1334 2265 1378 2310 p.
1406 2250 1526 2296 410.
1591 2249 1900 2297 Declamatio

212 2323 557 2371 Themistoclis
598 2323 745 2371 deest.
809 2323 1041 2370 Pluribus
1081 2322 1307 2371 manibus
1349 2325 1592 2370 correctus
1627 2325 1711 2369 est.
1777 2322 1898 2370 Gon-

210 2398 328 2444 tulit
359 2398 482 2444 mihi
512 2397 754 2444 Henricus
785 2395 1010 2446 Schenkl.

331 2540 371 2593 1)
401 2539 740 2594 Argumentum
759 2538 918 2581 eodem
945 2537 1074 2581 fonte
1091 2536 1133 2579 N
1137 2538 1305 2580 eanthe
1320 2536 1574 2592 Cyziceno?
1591 2537 1664 2592 (cf.
1686 2536 1898 2580 decl.XII

209 2611 251 2651 p.
265 2601 350 2640 529
368 2596 439 2640 vel
458 2597 735 2641 Idomeneo?
753 2596 827 2652 (cf.
840 2611 882 2652 p.
896 2601 995 2648 463,
1010 2598 1050 2652 7)
1069 2595 1236 2639 nititur
1253 2596 1313 2639 ad
1331 2609 1468 2651 quem
1487 2595 1723 2639 Cornelius
1739 2595 1896 2651 Nepos

209 2655 367 2698 Them.
396 2661 443 2710 1,
476 2655 752 2699 Plutarchus
785 2655 942 2698 Them.
978 2661 1025 2706 2,
1067 2655 1281 2698 Valerius
1321 2654 1552 2697 Maximus
1584 2654 1646 2698 VI
1673 2659 1696 2696 9
1737 2657 1827 2699 ext.
1855 2659 1895 2707 2,

208 2713 431 2757 Aelianus
462 2727 558 2758 var.
590 2714 698 2758 hist.
723 2714 765 2757 II
791 2720 860 2768 12,
887 2713 969 2757 alii
995 2714 1068 2770 (cf.
1098 2713 1219 2757 Plut.
1253 2713 1409 2756 Them.
1452 2714 1520 2757 ed.
1556 2713 1706 2756 Bauer
1743 2728 1787 2768 p.
1824 2715 1894 2770 11)

208 2773 414 2817 redeunt.
480 2773 544 2817 Cf.
581 2774 666 2817 Ad.
692 2774 862 2827 Bauer,
904 2773 1243 2816 Themistokles
1274 2788 1318 2828 p.
1353 2777 1434 2815 133
1476 2774 1523 2814 et
1563 2771 1895 2816 Meier-Schoe-

208 2833 557 2888 mann-Lipsius
590 2833 687 2876 Att.
713 2833 886 2876 Process
919 2847 963 2888 p.
992 2836 1075 2875 535
1095 2846 1159 2886 sq.
1223 2831 1396 2875 Multas
1429 2844 1534 2875 vero
1566 2842 1638 2873 res
1672 2831 1894 2874 Libanius

208 2904 262 2933 ex
278 2890 515 2935 Herodoto
541 2893 588 2935 et
607 2891 823 2934 Aristidis
849 2890 965 2943 ὑπὲρ
981 2899 1072 2934 τῶν
1089 2890 1316 2945 τεττάρων
1334 2891 1576 2933 orationet.
1611 2890 1650 2932 II
1667 2905 1711 2944 p.
1730 2893 1815 2933 238
1825 2904 1893 2944 sq.

207 2950 277 2992 ed.
313 2949 448 2993 Dind.
484 2950 662 2993 libavit.
