2054 3192
534 137 760 182 LIBANII
792 135 1097 181 APOLOGIA
1129 135 1415 181 SOCRATIS
1708 137 1803 189 121

120 295 222 343 ρον
261 274 434 344 ὀδύρῃ
476 275 694 326 σαυτόν.
757 264 867 326 εἷλε
905 270 996 325 καὶ
1036 271 1373 336 Καλλίξενος
1417 275 1545 336 τοὺς
1586 285 1814 342 στρατη-

118 364 269 433 γούς,
309 360 425 415 ἀλλ’
473 362 618 429 ὅμως
650 360 789 414 ἑλὼν
821 361 1126 436 ἀπώλλυτο.
1169 363 1407 431 φύλαξαι
1448 363 1515 430 δὴ
1547 363 1608 415 τὸ
1640 363 1812 432 παρά·

118 453 314 520 δειγμα
351 451 440 504 καὶ
474 449 640 519 λῆξον
672 451 963 520 λοιδορῶν.
1013 450 1132 504 λύει
1165 452 1259 513 τὰς
1291 454 1644 520 βλασφημίας
1679 454 1812 504 Φαί-

118 541 234 594 δων
279 540 412 608 μετὰ
458 541 557 592 τὸν
609 542 773 610 χείρω
827 541 956 607 βίον
1010 543 1354 608 φιλοσοφῶν.
1418 539 1594 603 οὕτως
1644 545 1812 593 εἴωθε

118 629 417 698 Σωκράτης
456 629 811 697 διαφθείρειν
849 631 982 691 τοὺς
1020 627 1192 691 νέους.

237 794 262 832 3
291 760 430 846 ‘D10g.
464 789 513 832 L.
538 789 581 832 11
614 794 818 844 9,1‚105

237 942 262 980 2
305 940 419 997 λιμῷ
450 937 523 981 vel
558 937 671 982 ἑλὼν
702 939 815 996 λιμῷ
856 937 969 982 olim
1009 937 1187 982 conieci
1227 938 1345 981 Mus.
1379 937 1526 982 Rhen.
1551 937 1722 981 XXXII
1755 943 1811 982 94

236 1001 262 1040 3
296 998 480 1052 „malim
511 999 788 1053 λοιδοριῶν*
819 997 888 1042 Re
931 998 938 1054 Ι
980 997 1077 1041 λύει
1108 996 1275 1054 scripsi
1347 997 1470 1047 λύεις
1500 996 1610 1040 libri
1672 998 1811 1042 λύσον

117 1056 220 1100 Mor
289 1056 386 1100 λύει
419 1063 501 1100 σοῦ
534 1056 602 1100 Re
635 1056 714 1112 qui
746 1056 897 1107 λύσεις
927 1055 1010 1107 τὰς
1041 1054 1356 1115 βλασφημίας,
1390 1057 1451 1106 ὡς
1485 1055 1674 1102 Φαίδων
1706 1058 1811 1101 coni
1854 1060 1856 1063 ’

175 1116 252 1160 λύε
286 1118 475 1160 auctore
505 1115 691 1160 Nabero
723 1115 828 1173 Rog
949 1122 973 1159 5
1006 1117 1115 1168 τοὺς
1144 1115 1322 1160 inserui
1354 1129 1378 1159 e
1413 1117 1677 1160 MaUVaB
1707 1130 1812 1160 cum

115 1174 220 1232 Rog
281 1189 356 1219 om
384 1175 560 1221 OAAth
581 1175 683 1218 Mor
699 1175 767 1220 Re
827 1176 955 1225 τέλος
977 1181 1059 1231 τῆς
1083 1174 1348 1230 σωκράτους
1373 1173 1628 1232 ἀπολογίας
1652 1176 1813 1220 subscr

116 1236 175 1289 A,
209 1233 472 1290 σωκράτους
504 1233 734 1291 ἀπολογία
774 1235 844 1279 Va

1913 544 1938 554 s
