<?xml version="1.0" encoding="UTF-8"?>
<!DOCTYPE html PUBLIC "-//W3C//DTD XHTML 1.0 Transitional//EN"
    "http://www.w3.org/TR/xhtml1/DTD/xhtml1-transitional.dtd">
<html xmlns="http://www.w3.org/1999/xhtml" xml:lang="en" lang="en">
 <head>
  <title>
</title>
<meta http-equiv="Content-Type" content="text/html;charset=utf-8" />
  <meta name='ocr-system' content='tesseract 3.04.00' />
  <meta name='ocr-capabilities' content='ocr_page ocr_carea ocr_par ocr_line ocrx_word'/>
</head>
<body>
  <div class='ocr_page' id='page_1' title='image "./operarecensuitri05libauoft/operarecensuitri05libauoft_0553.png"; bbox 0 0 2026 3192; ppageno 0'>
   <div class='ocr_carea' id='block_1_1' title="bbox 723 114 1817 168">
    <p class='ocr_par' dir='ltr' id='par_1_1' title="bbox 723 114 1817 168">
     <span class='ocr_line' id='line_1_1' title="bbox 723 114 1817 168; baseline -0.001 -8"><span class='ocrx_word' id='word_1_1' title='bbox 723 114 973 160; x_wconf 84' lang='lat' dir='ltr'>TIMONIS</span> <span class='ocrx_word' id='word_1_2' title='bbox 1007 114 1231 160; x_wconf 86' lang='lat' dir='ltr'><strong>ORATIO</strong></span> <span class='ocrx_word' id='word_1_3' title='bbox 1709 115 1817 168; x_wconf 85' lang='lat'><em>543</em></span> 
     </span>
    </p>
   </div>
   <div class='ocr_carea' id='block_1_2' title="bbox 126 250 1904 1657">
    <p class='ocr_par' dir='ltr' id='par_1_2' title="bbox 126 250 1904 1657">
     <span class='ocr_line' id='line_1_2' title="bbox 126 250 1818 324; baseline -0.002 -17"><span class='ocrx_word' id='word_1_4' title='bbox 126 252 459 324; x_wconf 82' lang='grc' dir='ltr'><em>προθέσεως.</em></span> <span class='ocrx_word' id='word_1_5' title='bbox 509 253 602 306; x_wconf 86' lang='grc' dir='ltr'><em>καὶ</em></span> <span class='ocrx_word' id='word_1_6' title='bbox 640 254 801 306; x_wconf 88' lang='grc' dir='ltr'><em>θεῖόν</em></span> <span class='ocrx_word' id='word_1_7' title='bbox 846 272 897 304; x_wconf 90' lang='grc' dir='ltr'><em>τι</em></span> <span class='ocrx_word' id='word_1_8' title='bbox 939 253 1232 320; x_wconf 89' lang='grc' dir='ltr'><em>φάντασμα</em></span> <span class='ocrx_word' id='word_1_9' title='bbox 1279 252 1370 304; x_wconf 77' lang='grc' dir='ltr'><em>καὶ</em></span> <span class='ocrx_word' id='word_1_10' title='bbox 1415 251 1614 314; x_wconf 89' lang='grc' dir='ltr'><em>κάλλος</em></span> <span class='ocrx_word' id='word_1_11' title='bbox 1654 250 1818 319; x_wconf 81' lang='grc' dir='ltr'><em>οὐρά-</em></span> 
     </span>
     <span class='ocr_line' id='line_1_3' title="bbox 126 339 1819 411; baseline -0.001 -17"><span class='ocrx_word' id='word_1_12' title='bbox 126 361 253 395; x_wconf 90' lang='grc' dir='ltr'><em>νιον</em></span> <span class='ocrx_word' id='word_1_13' title='bbox 291 343 392 409; x_wconf 81' lang='grc' dir='ltr'><em>τὴν</em></span> <span class='ocrx_word' id='word_1_14' title='bbox 439 340 779 410; x_wconf 80' lang='grc' dir='ltr'><em>Ἀλκιβιάδου</em></span> <span class='ocrx_word' id='word_1_15' title='bbox 817 342 1041 411; x_wconf 87' lang='grc' dir='ltr'><em>μορφὴν</em></span> <span class='ocrx_word' id='word_1_16' title='bbox 1081 340 1332 394; x_wconf 85' lang='grc' dir='ltr'><em>ὑπελθὸν</em></span> <span class='ocrx_word' id='word_1_17' title='bbox 1376 342 1454 402; x_wconf 82' lang='grc' dir='ltr'><em>εἰς</em></span> <span class='ocrx_word' id='word_1_18' title='bbox 1499 341 1639 409; x_wconf 82' lang='grc' dir='ltr'><em>ἡμᾶς</em></span> <span class='ocrx_word' id='word_1_19' title='bbox 1689 339 1819 392; x_wconf 83' lang='grc' dir='ltr'><em>ἐκώ-</em></span> 
     </span>
     <span class='ocr_line' id='line_1_4' title="bbox 127 428 1818 501; baseline -0.001 -18"><span class='ocrx_word' id='word_1_20' title='bbox 127 444 278 499; x_wconf 91' lang='grc' dir='ltr'><em>μασε.</em></span> <span class='ocrx_word' id='word_1_21' title='bbox 318 431 409 483; x_wconf 85' lang='grc' dir='ltr'><em>καὶ</em></span> <span class='ocrx_word' id='word_1_22' title='bbox 447 431 509 483; x_wconf 91' lang='grc' dir='ltr'><em>τὸ</em></span> <span class='ocrx_word' id='word_1_23' title='bbox 551 430 685 483; x_wconf 84' lang='grc' dir='ltr'><em>αὐτὸ</em></span> <span class='ocrx_word' id='word_1_24' title='bbox 735 428 994 482; x_wconf 86' lang='grc' dir='ltr'><em>πέπονθα</em></span> <span class='ocrx_word' id='word_1_25' title='bbox 1038 437 1158 492; x_wconf 88' lang='grc' dir='ltr'><em>ταῖς</em></span> <span class='ocrx_word' id='word_1_26' title='bbox 1196 429 1437 497; x_wconf 78' lang='grc' dir='ltr'><em>Βάκχαις</em></span> <span class='ocrx_word' id='word_1_27' title='bbox 1483 431 1541 481; x_wconf 79' lang='grc' dir='ltr'><em>αἳ</em></span> <span class='ocrx_word' id='word_1_28' title='bbox 1577 435 1651 501; x_wconf 79' lang='grc' dir='ltr'><em>τῷ</em></span> <span class='ocrx_word' id='word_1_29' title='bbox 1685 433 1818 482; x_wconf 84' lang='grc' dir='ltr'><em>Διο-</em></span> 
     </span>
     <span class='ocr_line' id='line_1_5' title="bbox 127 515 1818 590; baseline -0.001 -19"><span class='ocrx_word' id='word_1_30' title='bbox 127 519 279 590; x_wconf 78' lang='grc' dir='ltr'><em>νύσω</em></span> <span class='ocrx_word' id='word_1_31' title='bbox 341 522 631 587; x_wconf 82' lang='grc' dir='ltr'><em>πληγεῖσαι</em></span> <span class='ocrx_word' id='word_1_32' title='bbox 702 518 768 571; x_wconf 89' lang='grc' dir='ltr'><em>οὐ</em></span> <span class='ocrx_word' id='word_1_33' title='bbox 838 518 1107 571; x_wconf 89' lang='grc' dir='ltr'><em>δύνανται</em></span> <span class='ocrx_word' id='word_1_34' title='bbox 1175 516 1364 584; x_wconf 86' lang='grc' dir='ltr'><em>μένειν</em></span> <span class='ocrx_word' id='word_1_35' title='bbox 1434 515 1518 585; x_wconf 86' lang='grc' dir='ltr'><em>ἐφ’</em></span> <span class='ocrx_word' id='word_1_36' title='bbox 1590 516 1818 587; x_wconf 81' lang='grc' dir='ltr'><em>ἑαυτῶν,</em></span> 
     </span>
     <span class='ocr_line' id='line_1_6' title="bbox 136 605 1904 679; baseline -0.002 -19"><span class='ocrx_word' id='word_1_37' title='bbox 136 610 352 676; x_wconf 90' lang='grc' dir='ltr'><em>Τίμων</em></span> <span class='ocrx_word' id='word_1_38' title='bbox 408 609 498 670; x_wconf 84' lang='grc' dir='ltr'><em>εἰς</em></span> <span class='ocrx_word' id='word_1_39' title='bbox 552 608 736 675; x_wconf 81' lang='grc' dir='ltr'><em>ἄστυ,</em></span> <span class='ocrx_word' id='word_1_40' title='bbox 801 610 1014 676; x_wconf 87' lang='grc' dir='ltr'><em>Τίμων</em></span> <span class='ocrx_word' id='word_1_41' title='bbox 1068 608 1161 669; x_wconf 81' lang='grc' dir='ltr'><em>εἰς</em></span> <span class='ocrx_word' id='word_1_42' title='bbox 1216 605 1568 675; x_wconf 79' lang='grc' dir='ltr'><strong><em>ἐκκλησίαν</em></strong></span> <span class='ocrx_word' id='word_1_43' title='bbox 1625 605 1631 679; x_wconf 82' lang='grc' dir='ltr'>Ι</span> <span class='ocrx_word' id='word_1_44' title='bbox 1682 611 1904 661; x_wconf 84' lang='lat' dir='ltr'>R1V186</span> 
     </span>
     <span class='ocr_line' id='line_1_7' title="bbox 126 695 1885 766; baseline 0.001 -17"><span class='ocrx_word' id='word_1_45' title='bbox 126 700 348 750; x_wconf 83' lang='grc' dir='ltr'><strong><em>πολλῶν</em></strong></span> <span class='ocrx_word' id='word_1_46' title='bbox 387 696 628 766; x_wconf 83' lang='grc' dir='ltr'><em>ἀκούων,</em></span> <span class='ocrx_word' id='word_1_47' title='bbox 677 697 885 759; x_wconf 78' lang='grc' dir='ltr'><em>πάντας</em></span> <span class='ocrx_word' id='word_1_48' title='bbox 931 695 1099 764; x_wconf 84' lang='grc' dir='ltr'><em>ὁρῶν,</em></span> <span class='ocrx_word' id='word_1_49' title='bbox 1151 696 1409 765; x_wconf 78' lang='grc' dir='ltr'><em>θορύβου</em></span> <span class='ocrx_word' id='word_1_50' title='bbox 1448 697 1538 749; x_wconf 85' lang='grc' dir='ltr'><em>καὶ</em></span> <span class='ocrx_word' id='word_1_51' title='bbox 1576 703 1819 766; x_wconf 79' lang='grc' dir='ltr'><em>κραυγῆς</em></span> <span class='ocrx_word' id='word_1_52' title='bbox 1865 718 1885 750; x_wconf 78' lang='lat'>⁶</span> 
     </span>
     <span class='ocr_line' id='line_1_8' title="bbox 127 783 1818 855; baseline -0.001 -17"><span class='ocrx_word' id='word_1_53' title='bbox 127 785 468 855; x_wconf 81' lang='grc' dir='ltr'><em>ἀνεχόμενος.</em></span> <span class='ocrx_word' id='word_1_54' title='bbox 514 785 595 837; x_wconf 87' lang='grc'><em>16.</em></span> <span class='ocrx_word' id='word_1_55' title='bbox 634 793 731 853; x_wconf 86' lang='grc' dir='ltr'><em>τῆς</em></span> <span class='ocrx_word' id='word_1_56' title='bbox 769 785 1039 854; x_wconf 77' lang='grc' dir='ltr'><em>ἀπιστίας,</em></span> <span class='ocrx_word' id='word_1_57' title='bbox 1061 783 1364 853; x_wconf 72' lang='grc' dir='ltr'><em>’Ἀπολλον,</em></span> <span class='ocrx_word' id='word_1_58' title='bbox 1411 783 1502 838; x_wconf 86' lang='grc' dir='ltr'><em>καὶ</em></span> <span class='ocrx_word' id='word_1_59' title='bbox 1546 793 1639 852; x_wconf 90' lang='grc' dir='ltr'><em>τῆς</em></span> <span class='ocrx_word' id='word_1_60' title='bbox 1678 783 1818 849; x_wconf 81' lang='grc' dir='ltr'><em>ἐξαί-</em></span> 
     </span>
     <span class='ocr_line' id='line_1_9' title="bbox 129 872 1820 944; baseline 0.001 -18"><span class='ocrx_word' id='word_1_61' title='bbox 129 894 273 944; x_wconf 86' lang='grc' dir='ltr'><em>φνης</em></span> <span class='ocrx_word' id='word_1_62' title='bbox 305 877 623 943; x_wconf 82' lang='grc' dir='ltr'><em>μεταβολῆς.</em></span> <span class='ocrx_word' id='word_1_63' title='bbox 664 873 885 943; x_wconf 83' lang='grc' dir='ltr'><em>ἐσχατιὰ</em></span> <span class='ocrx_word' id='word_1_64' title='bbox 916 874 1018 942; x_wconf 78' lang='grc' dir='ltr'><em>μὲν</em></span> <span class='ocrx_word' id='word_1_65' title='bbox 1047 873 1080 942; x_wconf 82' lang='grc' dir='ltr'>ἡ</span> <span class='ocrx_word' id='word_1_66' title='bbox 1115 874 1348 942; x_wconf 83' lang='grc' dir='ltr'><em>φιλτάτη</em></span> <span class='ocrx_word' id='word_1_67' title='bbox 1381 872 1470 927; x_wconf 85' lang='grc' dir='ltr'><em>καὶ</em></span> <span class='ocrx_word' id='word_1_68' title='bbox 1503 873 1535 942; x_wconf 81' lang='grc' dir='ltr'><em>ἡ</em></span> <span class='ocrx_word' id='word_1_69' title='bbox 1569 875 1820 942; x_wconf 81' lang='grc' dir='ltr'><em>συνήθης</em></span> 
     </span>
     <span class='ocr_line' id='line_1_10' title="bbox 129 961 1818 1033; baseline 0.001 -19"><span class='ocrx_word' id='word_1_70' title='bbox 129 963 322 1032; x_wconf 80' lang='grc' dir='ltr'><em>ἐρημία</em></span> <span class='ocrx_word' id='word_1_71' title='bbox 359 961 448 1015; x_wconf 86' lang='grc' dir='ltr'><em>καὶ</em></span> <span class='ocrx_word' id='word_1_72' title='bbox 490 964 551 1016; x_wconf 87' lang='grc' dir='ltr'><em>τὸ</em></span> <span class='ocrx_word' id='word_1_73' title='bbox 592 964 824 1033; x_wconf 90' lang='grc' dir='ltr'><em>στερρὸν</em></span> <span class='ocrx_word' id='word_1_74' title='bbox 862 969 961 1015; x_wconf 84' lang='grc' dir='ltr'><em>τοῦ</em></span> <span class='ocrx_word' id='word_1_75' title='bbox 1000 964 1210 1031; x_wconf 82' lang='grc' dir='ltr'><em>τρόπου</em></span> <span class='ocrx_word' id='word_1_76' title='bbox 1250 963 1340 1015; x_wconf 83' lang='grc' dir='ltr'><em>καὶ</em></span> <span class='ocrx_word' id='word_1_77' title='bbox 1374 963 1402 1016; x_wconf 92' lang='grc' dir='ltr'>ὁ</span> <span class='ocrx_word' id='word_1_78' title='bbox 1442 963 1818 1033; x_wconf 88' lang='grc' dir='ltr'><em>μισάνθρω-</em></span> 
     </span>
     <span class='ocr_line' id='line_1_11' title="bbox 126 1048 1887 1120; baseline 0.001 -16"><span class='ocrx_word' id='word_1_79' title='bbox 126 1069 243 1114; x_wconf 87' lang='grc' dir='ltr'><em>πος</em></span> <span class='ocrx_word' id='word_1_80' title='bbox 288 1050 378 1104; x_wconf 88' lang='grc' dir='ltr'><em>καὶ</em></span> <span class='ocrx_word' id='word_1_81' title='bbox 418 1052 596 1105; x_wconf 90' lang='grc' dir='ltr'><em>πάντα</em></span> <span class='ocrx_word' id='word_1_82' title='bbox 644 1051 917 1118; x_wconf 78' lang='grc' dir='ltr'><em>ἐκποδών,</em></span> <span class='ocrx_word' id='word_1_83' title='bbox 964 1051 1275 1104; x_wconf 81' lang='grc' dir='ltr'><em>κινδυνεύω</em></span> <span class='ocrx_word' id='word_1_84' title='bbox 1324 1048 1385 1104; x_wconf 73' lang='grc' dir='ltr'><em>δὲ</em></span> <span class='ocrx_word' id='word_1_85' title='bbox 1431 1051 1668 1114; x_wconf 79' lang='grc' dir='ltr'><em>ἀνθινὰς</em></span> <span class='ocrx_word' id='word_1_86' title='bbox 1713 1053 1817 1120; x_wconf 80' lang='grc' dir='ltr'><em>ἤδη</em></span> <span class='ocrx_word' id='word_1_87' title='bbox 1844 1075 1887 1107; x_wconf 86' lang='lat'><em>10</em></span> 
     </span>
     <span class='ocr_line' id='line_1_12' title="bbox 128 1139 1819 1210; baseline -0.001 -16"><span class='ocrx_word' id='word_1_88' title='bbox 128 1149 326 1210; x_wconf 87' lang='grc' dir='ltr'><em>φορεῖν</em></span> <span class='ocrx_word' id='word_1_89' title='bbox 357 1139 448 1193; x_wconf 86' lang='grc' dir='ltr'><em>καὶ</em></span> <span class='ocrx_word' id='word_1_90' title='bbox 474 1146 893 1210; x_wconf 78' lang='grc' dir='ltr'><em>στεφανοῦσθαι</em></span> <span class='ocrx_word' id='word_1_91' title='bbox 916 1140 1005 1193; x_wconf 85' lang='grc' dir='ltr'><em>καὶ</em></span> <span class='ocrx_word' id='word_1_92' title='bbox 1029 1141 1294 1207; x_wconf 81' lang='grc' dir='ltr'><em>κωμάζειν</em></span> <span class='ocrx_word' id='word_1_93' title='bbox 1317 1139 1408 1193; x_wconf 89' lang='grc' dir='ltr'><em>καὶ</em></span> <span class='ocrx_word' id='word_1_94' title='bbox 1432 1142 1668 1203; x_wconf 83' lang='grc' dir='ltr'><em>ταινίαις</em></span> <span class='ocrx_word' id='word_1_95' title='bbox 1691 1140 1819 1194; x_wconf 84' lang='grc' dir='ltr'><em>ἀνα-</em></span> 
     </span>
     <span class='ocr_line' id='line_1_13' title="bbox 129 1227 1819 1298; baseline 0 -16"><span class='ocrx_word' id='word_1_96' title='bbox 129 1231 350 1283; x_wconf 88' lang='grc' dir='ltr'><em>δεῖσθαι</em></span> <span class='ocrx_word' id='word_1_97' title='bbox 390 1231 480 1283; x_wconf 86' lang='grc' dir='ltr'><em>καὶ</em></span> <span class='ocrx_word' id='word_1_98' title='bbox 519 1232 704 1282; x_wconf 83' lang='grc' dir='ltr'><em>πίνειν</em></span> <span class='ocrx_word' id='word_1_99' title='bbox 744 1231 984 1295; x_wconf 80' lang='grc' dir='ltr'><em>ἄκρατον</em></span> <span class='ocrx_word' id='word_1_100' title='bbox 1022 1227 1112 1282; x_wconf 85' lang='grc' dir='ltr'><em>καὶ</em></span> <span class='ocrx_word' id='word_1_101' title='bbox 1152 1230 1387 1296; x_wconf 86' lang='grc' dir='ltr'><em>μεθύειν</em></span> <span class='ocrx_word' id='word_1_102' title='bbox 1425 1230 1819 1298; x_wconf 82' lang='grc' dir='ltr'><em>μισάνθρωπος</em></span> 
     </span>
     <span class='ocr_line' id='line_1_14' title="bbox 129 1315 1819 1388; baseline 0 -17"><span class='ocrx_word' id='word_1_103' title='bbox 129 1320 222 1371; x_wconf 78' lang='grc' dir='ltr'><em>ὥν.</em></span> <span class='ocrx_word' id='word_1_104' title='bbox 265 1318 348 1371; x_wconf 83' lang='grc'><em>17.</em></span> <span class='ocrx_word' id='word_1_105' title='bbox 373 1321 475 1371; x_wconf 87' lang='grc' dir='ltr'><em>οὐκ</em></span> <span class='ocrx_word' id='word_1_106' title='bbox 506 1315 576 1386; x_wconf 79' lang='grc' dir='ltr'><em>ἧν</em></span> <span class='ocrx_word' id='word_1_107' title='bbox 600 1320 704 1388; x_wconf 77' lang='grc' dir='ltr'><em>ἄρα</em></span> <span class='ocrx_word' id='word_1_108' title='bbox 728 1319 789 1371; x_wconf 89' lang='grc' dir='ltr'><em>τὸ</em></span> <span class='ocrx_word' id='word_1_109' title='bbox 814 1316 938 1388; x_wconf 88' lang='grc' dir='ltr'><em>περὶ</em></span> <span class='ocrx_word' id='word_1_110' title='bbox 957 1316 1294 1388; x_wconf 67' lang='grc' dir='ltr'><em>“Ηρακλεόυς</em></span> <span class='ocrx_word' id='word_1_111' title='bbox 1319 1320 1617 1386; x_wconf 75' lang='grc' dir='ltr'><em>λεγόμενον</em></span> <span class='ocrx_word' id='word_1_112' title='bbox 1638 1324 1819 1385; x_wconf 86' lang='grc' dir='ltr'><em>μῦθος</em></span> 
     </span>
     <span class='ocr_line' id='line_1_15' title="bbox 129 1405 1819 1477; baseline 0 -17"><span class='ocrx_word' id='word_1_113' title='bbox 129 1409 307 1471; x_wconf 79' lang='grc' dir='ltr'><em>ἄλλως</em></span> <span class='ocrx_word' id='word_1_114' title='bbox 328 1408 420 1461; x_wconf 85' lang='grc' dir='ltr'><em>καὶ</em></span> <span class='ocrx_word' id='word_1_115' title='bbox 451 1417 694 1475; x_wconf 85' lang='grc' dir='ltr'><em>ποιητῶν</em></span> <span class='ocrx_word' id='word_1_116' title='bbox 725 1427 807 1469; x_wconf 88' lang='grc' dir='ltr'><em>τις</em></span> <span class='ocrx_word' id='word_1_117' title='bbox 838 1405 1076 1474; x_wconf 76' lang='grc' dir='ltr'><em>ἐξουσία,</em></span> <span class='ocrx_word' id='word_1_118' title='bbox 1102 1407 1240 1461; x_wconf 80' lang='grc' dir='ltr'><em>ἀλλὰ</em></span> <span class='ocrx_word' id='word_1_119' title='bbox 1263 1407 1521 1460; x_wconf 79' lang='grc' dir='ltr'><em>κάκεῖνον</em></span> <span class='ocrx_word' id='word_1_120' title='bbox 1544 1409 1819 1477; x_wconf 88' lang='grc' dir='ltr'><em>βάρβαρός</em></span> 
     </span>
     <span class='ocr_line' id='line_1_16' title="bbox 128 1495 1886 1565; baseline 0.002 -17"><span class='ocrx_word' id='word_1_121' title='bbox 128 1515 210 1560; x_wconf 87' lang='grc' dir='ltr'><em>τις</em></span> <span class='ocrx_word' id='word_1_122' title='bbox 241 1498 382 1565; x_wconf 77' lang='grc' dir='ltr'><em>γυνὴ</em></span> <span class='ocrx_word' id='word_1_123' title='bbox 406 1495 496 1550; x_wconf 85' lang='grc' dir='ltr'><em>καὶ</em></span> <span class='ocrx_word' id='word_1_124' title='bbox 522 1498 680 1565; x_wconf 84' lang='grc' dir='ltr'><em>Λυδὴ</em></span> <span class='ocrx_word' id='word_1_125' title='bbox 705 1498 807 1565; x_wconf 80' lang='grc' dir='ltr'><em>τὴν</em></span> <span class='ocrx_word' id='word_1_126' title='bbox 831 1501 1062 1564; x_wconf 85' lang='grc' dir='ltr'><em>λεοντῆν</em></span> <span class='ocrx_word' id='word_1_127' title='bbox 1085 1499 1385 1564; x_wconf 88' lang='grc' dir='ltr'><em>περιείλετο</em></span> <span class='ocrx_word' id='word_1_128' title='bbox 1414 1495 1504 1549; x_wconf 88' lang='grc' dir='ltr'><em>καὶ</em></span> <span class='ocrx_word' id='word_1_129' title='bbox 1529 1497 1820 1550; x_wconf 83' lang='grc' dir='ltr'><em>δουλεύειν</em></span> <span class='ocrx_word' id='word_1_130' title='bbox 1846 1518 1886 1551; x_wconf 85' lang='lat'><em>15</em></span> 
     </span>
     <span class='ocr_line' id='line_1_17' title="bbox 128 1583 1819 1657; baseline 0 -19"><span class='ocrx_word' id='word_1_131' title='bbox 128 1584 440 1654; x_wconf 75' lang='grc' dir='ltr'><em>ἠνάγκασεν</em></span> <span class='ocrx_word' id='word_1_132' title='bbox 480 1584 643 1656; x_wconf 77' lang='grc' dir='ltr'><em>ἑαυτῆ</em></span> <span class='ocrx_word' id='word_1_133' title='bbox 683 1592 757 1657; x_wconf 76' lang='grc' dir='ltr'><em>τῷ</em></span> <span class='ocrx_word' id='word_1_134' title='bbox 790 1585 977 1638; x_wconf 90' lang='grc' dir='ltr'><em>κάλλει</em></span> <span class='ocrx_word' id='word_1_135' title='bbox 1010 1584 1240 1654; x_wconf 84' lang='grc' dir='ltr'><em>δέσμιον</em></span> <span class='ocrx_word' id='word_1_136' title='bbox 1271 1583 1487 1654; x_wconf 80' lang='grc' dir='ltr'><em>ἔχουσα.</em></span> <span class='ocrx_word' id='word_1_137' title='bbox 1527 1584 1644 1638; x_wconf 81' lang='grc' dir='ltr'><em>ἀλλ’</em></span> <span class='ocrx_word' id='word_1_138' title='bbox 1686 1584 1819 1638; x_wconf 80' lang='grc' dir='ltr'><em>ἐκεῖ·</em></span> 
     </span>
    </p>
   </div>
   <div class='ocr_carea' id='block_1_3' title="bbox 128 1703 482 1710">
    <p class='ocr_par' dir='ltr' id='par_1_3' title="bbox 128 1703 482 1710">
     <span class='ocr_line' id='line_1_18' title="bbox 128 1703 482 1710; baseline 0 1482"><span class='ocrx_word' id='word_1_139' title='bbox 128 1703 482 1710; x_wconf 95' lang='lat' dir='ltr'><em> </em></span> 
     </span>
    </p>
   </div>
   <div class='ocr_carea' id='block_1_4' title="bbox 251 1776 1374 1830">
    <p class='ocr_par' dir='ltr' id='par_1_4' title="bbox 251 1776 1374 1830">
     <span class='ocr_line' id='line_1_19' title="bbox 251 1776 1374 1830; baseline 0 -11"><span class='ocrx_word' id='word_1_140' title='bbox 251 1781 304 1819; x_wconf 84' lang='grc'><em>15</em></span> <span class='ocrx_word' id='word_1_141' title='bbox 339 1776 395 1820; x_wconf 83' lang='lat' dir='ltr'><em>cf.</em></span> <span class='ocrx_word' id='word_1_142' title='bbox 427 1778 461 1820; x_wconf 70' lang='lat' dir='ltr'><em>t.</em></span> <span class='ocrx_word' id='word_1_143' title='bbox 486 1777 528 1820; x_wconf 89' lang='lat' dir='ltr'>H</span> <span class='ocrx_word' id='word_1_144' title='bbox 553 1781 654 1830; x_wconf 86' lang='grc'>568,</span> <span class='ocrx_word' id='word_1_145' title='bbox 673 1781 742 1820; x_wconf 77' lang='grc'><em>20.</em></span> <span class='ocrx_word' id='word_1_146' title='bbox 777 1776 881 1820; x_wconf 82' lang='lat' dir='ltr'>Luc.</span> <span class='ocrx_word' id='word_1_147' title='bbox 916 1776 1024 1820; x_wconf 76' lang='lat' dir='ltr'>hist.</span> <span class='ocrx_word' id='word_1_148' title='bbox 1059 1789 1233 1820; x_wconf 79' lang='lat' dir='ltr'><strong>consor.</strong></span> <span class='ocrx_word' id='word_1_149' title='bbox 1267 1780 1291 1829; x_wconf 67' lang='grc' dir='ltr'>ξ</span> <span class='ocrx_word' id='word_1_150' title='bbox 1320 1780 1374 1819; x_wconf 89' lang='grc'><em>10</em></span> 
     </span>
    </p>
   </div>
   <div class='ocr_carea' id='block_1_5' title="bbox 129 1884 484 1889">
    <p class='ocr_par' dir='ltr' id='par_1_5' title="bbox 129 1884 484 1889">
     <span class='ocr_line' id='line_1_20' title="bbox 129 1884 484 1889; baseline 0 0"><span class='ocrx_word' id='word_1_151' title='bbox 129 1884 484 1889; x_wconf 95' lang='lat' dir='ltr'><em> </em></span> 
     </span>
    </p>
   </div>
   <div class='ocr_carea' id='block_1_6' title="bbox 129 1936 1820 2172">
    <p class='ocr_par' dir='ltr' id='par_1_6' title="bbox 129 1936 1820 2172">
     <span class='ocr_line' id='line_1_21' title="bbox 252 1936 1819 1996; baseline -0.001 -13"><span class='ocrx_word' id='word_1_152' title='bbox 252 1944 305 1983; x_wconf 84' lang='grc'><em>14</em></span> <span class='ocrx_word' id='word_1_153' title='bbox 341 1940 459 1983; x_wconf 82' lang='grc' dir='ltr'><em>Φασὶ</em></span> <span class='ocrx_word' id='word_1_154' title='bbox 493 1939 623 1996; x_wconf 82' lang='grc' dir='ltr'><em>(φησὶ</em></span> <span class='ocrx_word' id='word_1_155' title='bbox 651 1941 755 1994; x_wconf 84' lang='grc' dir='ltr'><em>Μα)</em></span> <span class='ocrx_word' id='word_1_156' title='bbox 787 1939 894 1994; x_wconf 83' lang='grc' dir='ltr'><em>περὶ</em></span> <span class='ocrx_word' id='word_1_157' title='bbox 920 1936 1214 1992; x_wconf 43' lang='lat' dir='ltr'><em>‘Homul-&amp;omn</em></span> <span class='ocrx_word' id='word_1_158' title='bbox 1247 1938 1309 1988; x_wconf 82' lang='grc' dir='ltr'><em>ὡς</em></span> <span class='ocrx_word' id='word_1_159' title='bbox 1341 1938 1433 1993; x_wconf 78' lang='grc' dir='ltr'><em>ἄρα</em></span> <span class='ocrx_word' id='word_1_160' title='bbox 1464 1955 1532 1990; x_wconf 87' lang='grc' dir='ltr'><em>τις</em></span> <span class='ocrx_word' id='word_1_161' title='bbox 1563 1938 1613 1982; x_wconf 79' lang='grc' dir='ltr'><em>ἐν</em></span> <span class='ocrx_word' id='word_1_162' title='bbox 1646 1938 1819 1996; x_wconf 83' lang='grc' dir='ltr'><em>βαρβά-</em></span> 
     </span>
     <span class='ocr_line' id='line_1_22' title="bbox 132 1995 1820 2055; baseline -0.001 -12"><span class='ocrx_word' id='word_1_163' title='bbox 132 2015 229 2053; x_wconf 85' lang='grc' dir='ltr'><em>ροις</em></span> <span class='ocrx_word' id='word_1_164' title='bbox 261 1998 376 2055; x_wconf 83' lang='grc' dir='ltr'><em>γυνὴ</em></span> <span class='ocrx_word' id='word_1_165' title='bbox 411 1999 648 2055; x_wconf 82' lang='grc' dir='ltr'><em>φαρμακὶς</em></span> <span class='ocrx_word' id='word_1_166' title='bbox 676 1995 883 2054; x_wconf 86' lang='grc' dir='ltr'><em>Ὀμφάλη</em></span> <span class='ocrx_word' id='word_1_167' title='bbox 915 1997 1123 2054; x_wconf 81' lang='grc' dir='ltr'><em>τοῦνομα</em></span> <span class='ocrx_word' id='word_1_168' title='bbox 1159 1997 1365 2055; x_wconf 81' lang='grc' dir='ltr'><em>ἐπῳδαῖς</em></span> <span class='ocrx_word' id='word_1_169' title='bbox 1394 2011 1484 2040; x_wconf 91' lang='grc' dir='ltr'><em>τισι</em></span> <span class='ocrx_word' id='word_1_170' title='bbox 1517 1995 1577 2053; x_wconf 86' lang='grc' dir='ltr'><em>(τί</em></span> <span class='ocrx_word' id='word_1_171' title='bbox 1603 1999 1707 2054; x_wconf 84' lang='grc' dir='ltr'><em>Μα)</em></span> <span class='ocrx_word' id='word_1_172' title='bbox 1740 1999 1820 2042; x_wconf 79' lang='grc' dir='ltr'><em>καὶ</em></span> 
     </span>
     <span class='ocr_line' id='line_1_23' title="bbox 130 2055 1819 2116; baseline -0.001 -14"><span class='ocrx_word' id='word_1_173' title='bbox 130 2057 363 2114; x_wconf 78' lang='grc' dir='ltr'><em>γοητείαις</em></span> <span class='ocrx_word' id='word_1_174' title='bbox 393 2065 558 2102; x_wconf 87' lang='grc' dir='ltr'><em>τοῦτον</em></span> <span class='ocrx_word' id='word_1_175' title='bbox 591 2055 679 2102; x_wconf 83' lang='grc' dir='ltr'><em>εἷλε</em></span> <span class='ocrx_word' id='word_1_176' title='bbox 712 2058 791 2101; x_wconf 79' lang='grc' dir='ltr'><em>καὶ</em></span> <span class='ocrx_word' id='word_1_177' title='bbox 824 2056 973 2112; x_wconf 81' lang='grc' dir='ltr'><em>ὥσπερ</em></span> <span class='ocrx_word' id='word_1_178' title='bbox 1006 2055 1292 2115; x_wconf 80' lang='grc' dir='ltr'><em>ἀνδραπόδῳ</em></span> <span class='ocrx_word' id='word_1_179' title='bbox 1323 2057 1468 2116; x_wconf 83' lang='grc' dir='ltr'><em>τούτῳ</em></span> <span class='ocrx_word' id='word_1_180' title='bbox 1504 2057 1666 2113; x_wconf 81' lang='grc' dir='ltr'><em>ἐχρῆτο</em></span> <span class='ocrx_word' id='word_1_181' title='bbox 1699 2057 1819 2101; x_wconf 79' lang='grc' dir='ltr'><em>κατὰ</em></span> 
     </span>
     <span class='ocr_line' id='line_1_24' title="bbox 129 2116 655 2172; baseline 0 -11"><span class='ocrx_word' id='word_1_182' title='bbox 129 2116 188 2161; x_wconf 82' lang='grc' dir='ltr'><em>τὰ</em></span> <span class='ocrx_word' id='word_1_183' title='bbox 221 2116 415 2172; x_wconf 78' lang='grc' dir='ltr'><em>ἐρωτικά</em></span> <span class='ocrx_word' id='word_1_184' title='bbox 450 2117 655 2162; x_wconf 78' lang='lat' dir='ltr'><strong><em>Va⁸Ma²</em></strong></span> 
     </span>
    </p>
   </div>
   <div class='ocr_carea' id='block_1_7' title="bbox 130 2225 483 2230">
    <p class='ocr_par' dir='ltr' id='par_1_7' title="bbox 130 2225 483 2230">
     <span class='ocr_line' id='line_1_25' title="bbox 130 2225 483 2230; baseline 0 0"><span class='ocrx_word' id='word_1_185' title='bbox 130 2225 483 2230; x_wconf 95' lang='lat' dir='ltr'><em> </em></span> 
     </span>
    </p>
   </div>
   <div class='ocr_carea' id='block_1_8' title="bbox 129 2279 1821 2984">
    <p class='ocr_par' dir='ltr' id='par_1_8' title="bbox 129 2279 1821 2984">
     <span class='ocr_line' id='line_1_26' title="bbox 249 2279 1818 2337; baseline 0.001 -15"><span class='ocrx_word' id='word_1_186' title='bbox 249 2284 274 2322; x_wconf 84' lang='lat'>2</span> <span class='ocrx_word' id='word_1_187' title='bbox 309 2279 516 2323; x_wconf 82' lang='grc' dir='ltr'><em>ὑπελθὸν</em></span> <span class='ocrx_word' id='word_1_188' title='bbox 543 2280 632 2324; x_wconf 86' lang='grc' dir='ltr'><em>Μα</em></span> <span class='ocrx_word' id='word_1_189' title='bbox 664 2280 743 2323; x_wconf 83' lang='lat' dir='ltr'><em>sed</em></span> <span class='ocrx_word' id='word_1_190' title='bbox 777 2280 929 2324; x_wconf 85' lang='grc' dir='ltr'><em>ὑπελθ</em></span> <span class='ocrx_word' id='word_1_191' title='bbox 959 2279 1008 2322; x_wconf 89' lang='lat' dir='ltr'><em>in</em></span> <span class='ocrx_word' id='word_1_192' title='bbox 1039 2292 1115 2322; x_wconf 82' lang='lat' dir='ltr'><em>ras</em></span> <span class='ocrx_word' id='word_1_193' title='bbox 1147 2279 1218 2322; x_wconf 80' lang='lat' dir='ltr'><em>m³</em></span> <span class='ocrx_word' id='word_1_194' title='bbox 1278 2279 1496 2323; x_wconf 76' lang='grc' dir='ltr'><em>ὑπελθὼν</em></span> <span class='ocrx_word' id='word_1_195' title='bbox 1523 2279 1575 2324; x_wconf 78' lang='lat' dir='ltr'><em>Ol</em></span> <span class='ocrx_word' id='word_1_196' title='bbox 1710 2283 1735 2323; x_wconf 83' lang='lat'><strong>3</strong></span> <span class='ocrx_word' id='word_1_197' title='bbox 1766 2279 1818 2337; x_wconf 75' lang='grc' dir='ltr'><em>τὸ</em></span> 
     </span>
     <span class='ocr_line' id='line_1_27' title="bbox 133 2337 1819 2395; baseline 0.001 -14"><span class='ocrx_word' id='word_1_198' title='bbox 133 2338 246 2382; x_wconf 77' lang='grc' dir='ltr'><em>αὐτὸ</em></span> <span class='ocrx_word' id='word_1_199' title='bbox 279 2338 467 2394; x_wconf 82' lang='lat' dir='ltr'>reposui</span> <span class='ocrx_word' id='word_1_200' title='bbox 498 2351 522 2382; x_wconf 82' lang='lat' dir='ltr'><strong>e</strong></span> <span class='ocrx_word' id='word_1_201' title='bbox 554 2337 686 2382; x_wconf 82' lang='lat' dir='ltr'><strong>libris</strong></span> <span class='ocrx_word' id='word_1_202' title='bbox 754 2339 895 2383; x_wconf 79' lang='grc' dir='ltr'><em>ταύτὸ</em></span> <span class='ocrx_word' id='word_1_203' title='bbox 929 2339 1019 2382; x_wconf 83' lang='lat' dir='ltr'><em>edd</em></span> <span class='ocrx_word' id='word_1_204' title='bbox 1164 2345 1189 2381; x_wconf 84' lang='lat'>5</span> <span class='ocrx_word' id='word_1_205' title='bbox 1224 2338 1407 2395; x_wconf 83' lang='lat' dir='ltr'>signum</span> <span class='ocrx_word' id='word_1_206' title='bbox 1439 2338 1819 2395; x_wconf 61' lang='lat' dir='ltr'>interrogassionis</span> 
     </span>
     <span class='ocr_line' id='line_1_28' title="bbox 130 2395 1819 2453; baseline 0 -12"><span class='ocrx_word' id='word_1_207' title='bbox 130 2399 238 2453; x_wconf 69' lang='lat' dir='ltr'>posb</span> <span class='ocrx_word' id='word_1_208' title='bbox 263 2395 507 2453; x_wconf 81' lang='grc' dir='ltr'><em>ἐκκλησίαν</em></span> <span class='ocrx_word' id='word_1_209' title='bbox 533 2398 583 2441; x_wconf 90' lang='lat' dir='ltr'><em>H</em></span> <span class='ocrx_word' id='word_1_210' title='bbox 592 2398 735 2444; x_wconf 76' lang='lat' dir='ltr'><em>VBOl</em></span> <span class='ocrx_word' id='word_1_211' title='bbox 758 2398 850 2442; x_wconf 84' lang='lat' dir='ltr'><em>edd</em></span> <span class='ocrx_word' id='word_1_212' title='bbox 911 2398 1046 2443; x_wconf 84' lang='lat' dir='ltr'>colon</span> <span class='ocrx_word' id='word_1_213' title='bbox 1070 2398 1294 2442; x_wconf 87' lang='lat' dir='ltr'><strong><em>DVaMa</em></strong></span> <span class='ocrx_word' id='word_1_214' title='bbox 1355 2397 1506 2443; x_wconf 80' lang='lat' dir='ltr'><strong>delevi</strong></span> <span class='ocrx_word' id='word_1_215' title='bbox 1628 2403 1653 2441; x_wconf 90' lang='grc'><strong>6</strong></span> <span class='ocrx_word' id='word_1_216' title='bbox 1677 2415 1819 2453; x_wconf 82' lang='grc' dir='ltr'><em>κραυ-</em></span> 
     </span>
     <span class='ocr_line' id='line_1_29' title="bbox 131 2456 1821 2513; baseline -0.001 -11"><span class='ocrx_word' id='word_1_217' title='bbox 131 2462 213 2512; x_wconf 78' lang='grc' dir='ltr'><em>γῆς</em></span> <span class='ocrx_word' id='word_1_218' title='bbox 240 2457 292 2502; x_wconf 81' lang='lat' dir='ltr'><em>Ol</em></span> <span class='ocrx_word' id='word_1_219' title='bbox 330 2457 411 2500; x_wconf 82' lang='lat' dir='ltr'><em>Sed</em></span> <span class='ocrx_word' id='word_1_220' title='bbox 450 2474 598 2513; x_wconf 78' lang='grc' dir='ltr'><em>κραυγ</em></span> <span class='ocrx_word' id='word_1_221' title='bbox 637 2457 685 2500; x_wconf 87' lang='lat' dir='ltr'><em>in</em></span> <span class='ocrx_word' id='word_1_222' title='bbox 725 2471 800 2501; x_wconf 78' lang='lat' dir='ltr'><em>ras</em></span> <span class='ocrx_word' id='word_1_223' title='bbox 832 2457 903 2500; x_wconf 79' lang='lat' dir='ltr'><em>m²</em></span> <span class='ocrx_word' id='word_1_224' title='bbox 978 2463 1195 2513; x_wconf 80' lang='grc' dir='ltr'><em>κραυγῶν</em></span> <span class='ocrx_word' id='word_1_225' title='bbox 1228 2457 1392 2501; x_wconf 85' lang='lat' dir='ltr'><strong><em>VaMa</em></strong></span> <span class='ocrx_word' id='word_1_226' title='bbox 1430 2456 1511 2500; x_wconf 83' lang='lat' dir='ltr'><em>sed</em></span> <span class='ocrx_word' id='word_1_227' title='bbox 1549 2456 1598 2500; x_wconf 88' lang='lat' dir='ltr'><em>in</em></span> <span class='ocrx_word' id='word_1_228' title='bbox 1637 2457 1726 2501; x_wconf 84' lang='lat' dir='ltr'><em>hoe</em></span> <span class='ocrx_word' id='word_1_229' title='bbox 1765 2463 1821 2513; x_wconf 88' lang='grc' dir='ltr'><em>ῆς</em></span> 
     </span>
     <span class='ocr_line' id='line_1_30' title="bbox 132 2514 1818 2574; baseline 0.002 -16"><span class='ocrx_word' id='word_1_230' title='bbox 132 2529 274 2572; x_wconf 78' lang='lat' dir='ltr'>supra</span> <span class='ocrx_word' id='word_1_231' title='bbox 307 2522 370 2559; x_wconf 86' lang='grc' dir='ltr'><em>ῶν</em></span> <span class='ocrx_word' id='word_1_232' title='bbox 402 2515 472 2558; x_wconf 85' lang='lat' dir='ltr'><em>m³</em></span> <span class='ocrx_word' id='word_1_233' title='bbox 594 2521 616 2559; x_wconf 82' lang='lat'><strong>7</strong></span> <span class='ocrx_word' id='word_1_234' title='bbox 652 2516 836 2573; x_wconf 84' lang='lat' dir='ltr'><strong>signum</strong></span> <span class='ocrx_word' id='word_1_235' title='bbox 868 2515 1250 2573; x_wconf 71' lang='lat' dir='ltr'>interrogationis</span> <span class='ocrx_word' id='word_1_236' title='bbox 1274 2517 1382 2572; x_wconf 77' lang='lat' dir='ltr'><strong>post</strong></span> <span class='ocrx_word' id='word_1_237' title='bbox 1413 2514 1692 2574; x_wconf 83' lang='grc' dir='ltr'><em>ἀνεχόμενος</em></span> <span class='ocrx_word' id='word_1_238' title='bbox 1717 2518 1818 2568; x_wconf 77' lang='lat' dir='ltr'><em>Ma,</em></span> 
     </span>
     <span class='ocr_line' id='line_1_31' title="bbox 133 2572 1821 2632; baseline 0.001 -15"><span class='ocrx_word' id='word_1_239' title='bbox 133 2587 313 2618; x_wconf 79' lang='lat' dir='ltr'><strong>comma</strong></span> <span class='ocrx_word' id='word_1_240' title='bbox 338 2574 430 2618; x_wconf 76' lang='lat' dir='ltr'><em>Va²</em></span> <span class='ocrx_word' id='word_1_241' title='bbox 457 2577 463 2631; x_wconf 86' lang='grc'>1</span> <span class='ocrx_word' id='word_1_242' title='bbox 491 2572 526 2618; x_wconf 76' lang='grc' dir='ltr'>ὢ</span> <span class='ocrx_word' id='word_1_243' title='bbox 550 2581 631 2631; x_wconf 87' lang='grc' dir='ltr'><em>τῆς</em></span> <span class='ocrx_word' id='word_1_244' title='bbox 662 2577 766 2619; x_wconf 85' lang='lat' dir='ltr'>coni</span> <span class='ocrx_word' id='word_1_245' title='bbox 791 2575 947 2620; x_wconf 79' lang='lat' dir='ltr'><strong>Gasda</strong></span> <span class='ocrx_word' id='word_1_246' title='bbox 973 2577 1022 2618; x_wconf 70' lang='lat' dir='ltr'><em>at</em></span> <span class='ocrx_word' id='word_1_247' title='bbox 1045 2575 1102 2619; x_wconf 87' lang='lat' dir='ltr'><em>cf.</em></span> <span class='ocrx_word' id='word_1_248' title='bbox 1127 2590 1172 2631; x_wconf 88' lang='lat' dir='ltr'><em>p.</em></span> <span class='ocrx_word' id='word_1_249' title='bbox 1200 2579 1300 2629; x_wconf 81' lang='lat'>540,</span> <span class='ocrx_word' id='word_1_250' title='bbox 1319 2579 1344 2618; x_wconf 88' lang='grc'><strong>9</strong></span> <span class='ocrx_word' id='word_1_251' title='bbox 1467 2579 1491 2618; x_wconf 87' lang='grc'>9</span> <span class='ocrx_word' id='word_1_252' title='bbox 1521 2589 1630 2619; x_wconf 83' lang='lat' dir='ltr'>voce</span> <span class='ocrx_word' id='word_1_253' title='bbox 1654 2574 1821 2632; x_wconf 82' lang='grc' dir='ltr'><em>ἐρημία</em></span> 
     </span>
     <span class='ocr_line' id='line_1_32' title="bbox 133 2633 1820 2708; baseline 0.001 -32"><span class='ocrx_word' id='word_1_254' title='bbox 133 2633 218 2701; x_wconf 62' lang='lat' dir='ltr'><em>deq</em></span> <span class='ocrx_word' id='word_1_255' title='bbox 247 2634 291 2677; x_wconf 90' lang='lat' dir='ltr'><strong><em>V</em></strong></span> <span class='ocrx_word' id='word_1_256' title='bbox 333 2635 339 2689; x_wconf 92' lang='grc' dir='ltr'>Ι</span> <span class='ocrx_word' id='word_1_257' title='bbox 388 2633 439 2677; x_wconf 88' lang='grc' dir='ltr'><em>τὸ</em></span> <span class='ocrx_word' id='word_1_258' title='bbox 473 2633 811 2708; x_wconf 71' lang='grc' dir='ltr'><em>μισάνθρωπον</em></span> <span class='ocrx_word' id='word_1_259' title='bbox 837 2634 993 2679; x_wconf 79' lang='lat' dir='ltr'><strong>Gasda</strong></span> <span class='ocrx_word' id='word_1_260' title='bbox 1034 2691 1042 2702; x_wconf 72' lang='lat'><em>‚</em></span> <span class='ocrx_word' id='word_1_261' title='bbox 1129 2638 1183 2677; x_wconf 93' lang='lat'><em>10</em></span> <span class='ocrx_word' id='word_1_262' title='bbox 1223 2633 1435 2679; x_wconf 79' lang='grc' dir='ltr'><em>ἐκποδῶν</em></span> <span class='ocrx_word' id='word_1_263' title='bbox 1460 2635 1518 2678; x_wconf 87' lang='lat' dir='ltr'><strong><em>H</em></strong></span> <span class='ocrx_word' id='word_1_264' title='bbox 1559 2635 1566 2690; x_wconf 91' lang='grc' dir='ltr'>Ι</span> <span class='ocrx_word' id='word_1_265' title='bbox 1616 2634 1820 2708; x_wconf 68' lang='grc' dir='ltr'><em>ἀνθινὰς</em></span> 
     </span>
     <span class='ocr_line' id='line_1_33' title="bbox 132 2693 1818 2808; baseline 0.001 -14"><span class='ocrx_word' id='word_1_266' title='bbox 132 2707 297 2795; x_wconf 51' lang='grc' dir='ltr'><em>86ξὲξῖ</em></span> <span class='ocrx_word' id='word_1_267' title='bbox 336 2693 529 2795; x_wconf 44' lang='grc' dir='ltr'><em>θόῗννξθίινσ</em></span> <span class='ocrx_word' id='word_1_268' title='bbox 540 2693 849 2796; x_wconf 54' lang='grc' dir='ltr'><em>ἀέοθῖξὲἴαὸοῇ)</em></span> <span class='ocrx_word' id='word_1_269' title='bbox 871 2693 1564 2808; x_wconf 44' lang='grc' dir='ltr'><em>28Ξνῖἑῗῗὶ1ξιζῗξῗιξὲ18ᾱΒᾱ</em></span> <span class='ocrx_word' id='word_1_270' title='bbox 1585 2695 1818 2797; x_wconf 52' lang='grc' dir='ltr'><em>θῢάἔΐζὲἱῗ</em></span> 
     </span>
     <span class='ocr_line' id='line_1_34' title="bbox 131 2809 1760 2868; baseline -0.001 -13"><span class='ocrx_word' id='word_1_271' title='bbox 131 2825 176 2866; x_wconf 89' lang='lat' dir='ltr'><em>p.</em></span> <span class='ocrx_word' id='word_1_272' title='bbox 207 2815 259 2853; x_wconf 81' lang='lat'><em>15</em></span> <span class='ocrx_word' id='word_1_273' title='bbox 293 2810 441 2867; x_wconf 85' lang='lat' dir='ltr'><strong>(Misc.</strong></span> <span class='ocrx_word' id='word_1_274' title='bbox 466 2811 566 2855; x_wconf 77' lang='lat' dir='ltr'>crit.</span> <span class='ocrx_word' id='word_1_275' title='bbox 595 2814 695 2868; x_wconf 81' lang='lat'>107)</span> <span class='ocrx_word' id='word_1_276' title='bbox 820 2818 869 2855; x_wconf 88' lang='lat'><em>11</em></span> <span class='ocrx_word' id='word_1_277' title='bbox 905 2809 1108 2862; x_wconf 83' lang='grc' dir='ltr'><em>ταινίαις</em></span> <span class='ocrx_word' id='word_1_278' title='bbox 1136 2812 1321 2867; x_wconf 76' lang='lat' dir='ltr'>reposui</span> <span class='ocrx_word' id='word_1_279' title='bbox 1355 2825 1410 2855; x_wconf 82' lang='lat' dir='ltr'><em>ex</em></span> <span class='ocrx_word' id='word_1_280' title='bbox 1430 2811 1533 2855; x_wconf 89' lang='lat' dir='ltr'><em>HD</em></span> <span class='ocrx_word' id='word_1_281' title='bbox 1546 2812 1760 2856; x_wconf 86' lang='lat' dir='ltr'><strong><em>VaMaCl</em></strong></span> 
     </span>
     <span class='ocr_line' id='line_1_35' title="bbox 129 2867 1815 2926; baseline 0.001 -14"><span class='ocrx_word' id='word_1_282' title='bbox 129 2867 315 2919; x_wconf 80' lang='grc' dir='ltr'><em>ταινίας</em></span> <span class='ocrx_word' id='word_1_283' title='bbox 338 2871 382 2914; x_wconf 89' lang='grc' dir='ltr'><strong><em>Β</em></strong></span> <span class='ocrx_word' id='word_1_284' title='bbox 407 2869 499 2913; x_wconf 83' lang='lat' dir='ltr'><em>edd</em></span> <span class='ocrx_word' id='word_1_285' title='bbox 621 2876 675 2914; x_wconf 83' lang='lat'><em>14</em></span> <span class='ocrx_word' id='word_1_286' title='bbox 700 2870 834 2921; x_wconf 82' lang='grc' dir='ltr'><em>ἄλλος</em></span> <span class='ocrx_word' id='word_1_287' title='bbox 859 2871 910 2915; x_wconf 83' lang='lat' dir='ltr'><em>Ol</em></span> <span class='ocrx_word' id='word_1_288' title='bbox 937 2872 943 2926; x_wconf 77' lang='grc' dir='ltr'>Ι</span> <span class='ocrx_word' id='word_1_289' title='bbox 970 2868 1039 2921; x_wconf 86' lang='grc' dir='ltr'><em>τίς</em></span> <span class='ocrx_word' id='word_1_290' title='bbox 1062 2870 1261 2915; x_wconf 84' lang='lat' dir='ltr'><em>HMaG&#39;l</em></span> <span class='ocrx_word' id='word_1_291' title='bbox 1382 2875 1436 2914; x_wconf 80' lang='lat'><em>16</em></span> <span class='ocrx_word' id='word_1_292' title='bbox 1470 2869 1610 2926; x_wconf 81' lang='grc' dir='ltr'><em>ἑαυτῆ</em></span> <span class='ocrx_word' id='word_1_293' title='bbox 1646 2872 1713 2915; x_wconf 86' lang='lat' dir='ltr'><em>Va</em></span> <span class='ocrx_word' id='word_1_294' title='bbox 1737 2870 1815 2914; x_wconf 82' lang='lat' dir='ltr'><em>sed</em></span> 
     </span>
     <span class='ocr_line' id='line_1_36' title="bbox 130 2925 566 2984; baseline 0 -12"><span class='ocrx_word' id='word_1_295' title='bbox 130 2944 159 2984; x_wconf 88' lang='grc' dir='ltr'><em>η</em></span> <span class='ocrx_word' id='word_1_296' title='bbox 192 2941 248 2972; x_wconf 82' lang='lat' dir='ltr'><em>ex</em></span> <span class='ocrx_word' id='word_1_297' title='bbox 279 2925 332 2973; x_wconf 82' lang='grc' dir='ltr'><em>ὸν</em></span> <span class='ocrx_word' id='word_1_298' title='bbox 367 2941 468 2972; x_wconf 85' lang='lat' dir='ltr'><strong>corr</strong></span> <span class='ocrx_word' id='word_1_299' title='bbox 496 2928 566 2972; x_wconf 83' lang='lat' dir='ltr'><em>m²</em></span> 
     </span>
    </p>
   </div>
  </div>
 </body>
</html>
