2054 3192
5 3057 27 3137 ὲ

1 3135 31 3172 2*

611 164 692 207 DE
726 162 1012 208 SOCRATIS
1046 162 1323 207 SILENTIO
1709 163 1814 215 133

125 322 274 372 μους.
351 301 416 354 οὐ
463 302 661 353 τοίνυν
707 295 826 353 οὐδ’
875 298 903 352 ὁ
951 306 1051 352 τοῦ
1100 299 1459 367 δικαστηρίου
1509 296 1680 368 κῆρυξ
1721 298 1816 351 ἀν-

124 399 240 445 εῖπε
277 390 379 458 τὴν
416 397 528 442 τῶν
568 386 765 441 ἕνδεκα
803 386 979 456 ἀρχὴν
1016 388 1471 457 παραλαμβάνειν
1512 387 1818 456 Σωκράτην

123 480 214 534 καὶ
252 478 612 548 προστάττειν
652 478 799 550 αὐτῷ
832 476 990 547 μέχρι
1029 483 1130 530 τοῦ
1176 477 1429 529 θανάτου
1470 483 1685 529 σιωπᾶν
1723 496 1817 545 μη-

123 565 185 621 δὲ
224 571 413 621 λαλεῖν
446 566 768 636 Σωκράτην,
802 564 918 619 ἀλλ’
959 565 1340 633 ἀποθνήσκειν
1374 563 1381 637 Ι
1415 568 1604 633 μόνον.
1638 570 1741 614 Mor
1756 574 1905 627 p.212

126 657 209 709 12.
233 654 324 709 καὶ
347 655 504 725 ὑμεῖς
532 654 607 723 δέ,
641 655 977 724 Σωκράτους
1007 657 1321 725 κατήγοροι,
1354 654 1658 721 τιμώμενοί
1684 672 1816 708 ποτε
1866 675 1884 707 5

122 745 289 817 αὐτῷ
325 744 578 797 θανάτου
623 742 762 813 [καὶ]
818 750 1027 812 σιωπῆς
1082 743 1148 797 οὐ
1203 745 1653 813 προσετιμήσατε.
1716 744 1818 797 δύο

122 835 225 903 γὰρ
282 833 352 886 ἂν
405 830 476 901 ἦν
530 833 676 885 οὕτω
730 833 797 885 τὰ
847 834 1133 901 τιμήματα.
1210 831 1239 885 ὃ
1291 834 1487 886 τοίνυν
1542 831 1664 886 οὐδ’
1719 831 1811 886 ὑπ’

123 923 298 991 αὐτὴν
343 923 446 991 τὴν
491 929 586 990 τῆς
629 921 797 991 ὀργῆς
835 920 868 990 ἢ
909 929 1005 990 τῆς
1059 919 1325 990 ἐξαπάτης
1379 931 1490 975 τῶν
1546 924 1820 975 δικαστῶν

123 1011 300 1081 ἀκμὴν
355 1011 421 1065 οὐ
478 1012 885 1079 προσεθήκατε,
947 1018 1112 1063 τοῦτο
1166 1017 1275 1063 νῦν
1335 1009 1819 1080 προσεξευρίσκετε

121 1110 233 1154 τῶν
288 1099 681 1168 ἐψηφισμένων
734 1103 942 1152 πλεῖον.
1023 1099 1106 1151 13.
1158 1101 1210 1152 εἰ
1260 1099 1363 1168 μὲν
1415 1100 1520 1169 γὰρ
1576 1101 1711 1152 ἄλλο
1766 1119 1820 1152 τι
1845 1121 1887 1152 ιο

121 1191 448 1258 καινότερον
480 1189 660 1242 ἀδικεῖ
688 1187 1005 1258 Σωκράτης,
1036 1187 1128 1241 καὶ
1160 1191 1491 1256 προστίθετε
1515 1190 1611 1251 τὰς
1644 1190 1822 1250 αἰτίας

122 1280 255 1348 μετὰ
277 1279 379 1347 τὴν
402 1286 596 1346 ψῆφον
615 1287 727 1330 τῶν
752 1278 1028 1330 δικαστῶν
1052 1278 1200 1347 παρὰ
1224 1279 1292 1330 τὰ
1316 1277 1664 1347 γεγραμμένα
1687 1279 1820 1347 πρό-

121 1387 285 1437 τερον
324 1366 384 1420 ἐν
423 1375 488 1437 τῇ
529 1374 733 1436 γραφῇ,
773 1371 976 1434 εἴπατε,
1018 1366 1292 1430 διδάξατε·
1334 1368 1382 1419 εἰ
1423 1364 1471 1419 δ’
1520 1367 1605 1419 ὅτι
1646 1365 1821 1435 φθέγ-

123 1477 274 1525 γεται
312 1457 402 1509 καὶ
443 1460 621 1523 λαλεῖ,
665 1458 748 1518 τίς
786 1456 989 1508 τούτου
1028 1456 1246 1508 πώποτε
1285 1454 1606 1524 ἀνθρώπων
1653 1455 1822 1508 ἔδωκε

124 1546 307 1614 δίκην,
349 1551 423 1617 τῷ
466 1544 528 1597 δὲ
568 1544 910 1614 ἀπηγόρευτο
950 1543 1414 1598 καταδικασθέντι
1455 1552 1692 1613 σιωπᾶν,
1740 1547 1822 1606 τίς
1848 1566 1887 1597 15

124 1633 174 1688 δ’
221 1634 308 1687 ἐπὶ
346 1635 445 1686 τὸν
484 1634 662 1702 δῆμον
700 1635 847 1702 ἤχθη
888 1636 1092 1703 λαλῶν;
1132 1635 1264 1686 πότε
1304 1630 1365 1686 δὲ
1398 1631 1669 1702 Ἀθήνησι
1709 1641 1820 1685 τῶν

123 1721 542 1792 τεθνηξομένων
602 1742 685 1785 τις
746 1726 995 1790 γλῶτταν
1057 1722 1324 1792 ἀπεκόπη,
1395 1725 1614 1792 Θρᾷκας
1682 1721 1821 1790 ἡμᾶς

124 1811 238 1865 ἀντ’
283 1812 592 1881 Ἀθηναίων
637 1821 813 1874 ποιεῖς
860 1811 952 1864 καὶ
999 1809 1124 1864 ἀντὶ
1156 1810 1439 1879 Ἑλλήνων
1489 1810 1820 1880 βαρβάρους.

244 2023 269 2061 6
301 2018 433 2063 Dem.
459 2033 505 2074 p.
532 2021 631 2071 790,
650 2022 706 2061 20
829 2021 855 2061 8
879 2016 1009 2060 Dem.
1036 2032 1082 2073 p.
1107 2021 1209 2071 487,
1230 2020 1305 2070 1Ο;
1334 2020 1463 2071 1116,
1482 2020 1508 2059 2
1633 2019 1657 2058 9
1682 2014 1819 2059 Isocr.

124 2092 169 2133 p.
200 2082 253 2121 75
272 2091 310 2122 e.
345 2077 494 2136 [Luc]
529 2077 634 2121 salfi.
666 2082 691 2130 ξ
717 2082 786 2121 61.
822 2076 963 2120 Arist.
997 2076 1081 2131 Eq.
1111 2080 1225 2120 1283

247 2275 269 2312 1
306 2267 377 2315 ὅδ’
414 2271 460 2313 Β
487 2273 493 2326 Ι
520 2269 665 2325 κήρυξ
693 2271 797 2314 ΜΒ
828 2269 931 2313 Mor
963 2269 1012 2312 cf
1036 2268 1096 2312 ad
1120 2270 1153 2312 t.
1178 2267 1243 2310 IV
1267 2271 1368 2321 316,
1386 2271 1410 2310 7
1440 2269 1446 2323 Ι
1474 2265 1535 2311 ἂν
1559 2262 1659 2311 εἷπε
1686 2267 1822 2310 ΜαΒ

246 2333 272 2372 2
306 2328 516 2385 σωκράτη
545 2329 633 2373 Μα
755 2333 779 2371 3
820 2327 880 2384 μὴ
914 2327 965 2373 δὲ
990 2328 1035 2371 Β
1156 2332 1182 2371 5
1215 2343 1266 2385 γε
1293 2327 1429 2371 ΜαΒ
1551 2330 1576 2368 6
1610 2326 1690 2369 καὶ
1715 2339 1823 2369 can-

129 2388 295 2432 cellavi
322 2391 328 2445 Ι
358 2395 533 2446 σιωπῆς
557 2388 722 2444 scripsi
748 2402 771 2431 e
799 2389 862 2432 M
880 2386 971 2431 coll
994 2386 1112 2430 Dem
1128 2386 1159 2430 1.
1177 2385 1207 2429 l.
1271 2391 1420 2443 σιωπῇ
1442 2386 1578 2429 ΜαΒ
1603 2384 1705 2428 Mor

131 2451 154 2490 7
188 2445 233 2505 ὃ]
266 2448 321 2491 οὐ
347 2448 408 2491 Μ
527 2451 552 2490 9
585 2447 738 2504 ἀκμὴν
771 2445 936 2503 scripsi
968 2459 994 2490 e
1020 2446 1156 2490 ΜαΒ
1219 2444 1367 2500 ἀκοὴν
1398 2444 1461 2487 M
1487 2443 1590 2488 Mor
1617 2446 1622 2500 Ι
1659 2444 1714 2488 οὐ
1747 2457 1823 2487 om

130 2507 219 2550 Ma
246 2510 252 2563 Ι
286 2514 374 2551 νῦν
406 2506 570 2562 scripsi
603 2520 627 2550 e
654 2508 743 2551 Ma
773 2508 828 2550 ut
859 2505 964 2550 coni
996 2504 1098 2549 Mor
1155 2502 1317 2548 τοίνυν
1344 2504 1449 2547 ΜΒ
1473 2503 1575 2547 Mor
1601 2506 1607 2559 Ι
1635 2502 1822 2558 προσεξ-

130 2563 359 2620 ευρίσκετε
391 2565 557 2622 scripsi
589 2579 613 2609 e
638 2566 683 2609 B
764 2562 1114 2620 προσευρίσκετε
1140 2564 1229 2607 Μα
1307 2560 1537 2618 εὑρίσκετε
1564 2563 1626 2606 Μ
1701 2562 1822 2615 ἐξευ-

129 2621 305 2678 ρίσκετε
337 2625 438 2668 Mor
583 2629 638 2668 10
678 2623 765 2681 γὰρ
799 2638 876 2668 om
909 2625 998 2668 Ma
1144 2627 1198 2666 13
1240 2620 1497 2678 φθέγγεται
1537 2620 1700 2677 scripsi
1732 2620 1822 2665 coll

129 2697 176 2739 p.
202 2687 300 2737 130,
319 2689 344 2726 3
371 2686 419 2728 eb
445 2688 543 2738 137,
562 2688 616 2727 19
680 2680 929 2740 φθείρεται
964 2682 1112 2726 ΜΜα
1143 2681 1246 2725 Mor
1305 2681 1355 2724 in
1386 2679 1460 2724 lac
1489 2685 1604 2723 5—6
1637 2679 1716 2723 litt
1747 2693 1822 2723 om

131 2743 177 2786 Β
298 2747 353 2786 14
386 2741 559 2788 δέδωκε
585 2744 674 2787 Μα
796 2747 850 2786 15
884 2741 1196 2797 ἀπηγορεύετο
1222 2740 1268 2783 Β
1295 2742 1302 2796 Ι
1330 2737 1680 2784 καταδικασθέν
1708 2755 1751 2782 τι
1777 2740 1822 2782 Β

190 2800 539 2845 καταδικασθέν
569 2819 628 2845 τα
658 2803 743 2846 Μα
771 2803 776 2857 Ι
810 2799 880 2851 τίς
906 2803 996 2845 Μα
1029 2799 1110 2843 sed
1143 2816 1165 2850 ς
1196 2799 1290 2842 add
1314 2813 1361 2841 m
1385 2812 1462 2842 rec
1535 2844 1537 2846 ,
1585 2802 1638 2840 16
1672 2795 1716 2841 δ’
1751 2797 1821 2840 in-

132 2860 255 2903 serui
286 2875 310 2904 e
346 2863 434 2905 Ma
495 2874 571 2904 om
604 2862 709 2905 ΜΒ
741 2861 844 2904 Mor
883 2863 891 2916 Ι
933 2859 1059 2917 ἤχθη
1093 2858 1259 2914 scripsi
1291 2872 1315 2901 e
1348 2858 1485 2901 ΜαΒ
1555 2856 1670 2915 ἥχοη
1707 2857 1766 2900 Μ

131 2915 237 2972 ἥκοι
268 2919 370 2963 Mor
490 2924 544 2962 17
568 2918 639 2971 τίς
668 2921 714 2963 Β
777 2934 852 2963 om
887 2920 974 2963 Ma
1001 2921 1007 2973 Ι
1035 2920 1210 2973 γλῶττα
1235 2917 1323 2959 Μα
1370 2914 1581 2971 ἀπεκόπη
1608 2915 1772 2972 scripsi
1799 2929 1823 2957 e

135 2977 222 3020 Ma
282 2978 515 3022 ἀπέκοπτε
548 2979 649 3023 ΜΒ
681 2977 783 3022 Μοι·
809 2980 816 3034 Ι
844 2977 966 3034 ἡμᾶς
1000 2977 1087 3020 Μα
1119 2975 1199 3019 sed
1232 2975 1260 3031 ἡ
1292 2976 1341 3018 in
1372 2989 1447 3018 ras
1480 2975 1549 3017 m²
