2054 3192
210 159 279 211 68
690 160 918 205 LIBANII
948 161 1338 208 DEGLAMATIO
1370 164 1411 207 II

210 295 388 363 δίκην,
429 295 636 348 οὐκοῦν
676 296 809 349 οὐδὲ
841 298 1157 367 Σωκράτης,
1197 298 1348 362 ὅστις
1380 299 1447 352 οὐ
1478 300 1703 368 ποιητὴς
1736 299 1901 362 αὐτὸς

210 384 288 435 ὢν
328 381 458 436 οὐδὲ
498 389 735 452 φθονῶν
775 384 1007 449 ἐκείνοις
1052 395 1148 455 τῆς
1187 386 1349 457 δόξης
1398 389 1476 450 εἰς
1520 389 1581 441 τὸ
1623 389 1900 441 δεικνύειν

209 472 269 524 ἐν
309 466 390 535 οἷς
422 474 727 542 βλάπτουσι
759 477 891 537 τοὺς
923 475 1228 539 ἀκούοντας
1259 473 1405 546 ἧκεν,
1439 477 1575 530 ἀλλὰ
1605 487 1718 531 τῶν
1749 495 1900 546 περι-

209 560 571 630 πεσουμένων
617 563 764 625 ὅπως
808 565 881 633 μὴ
930 565 1299 635 διαφθαρεῖεν
1344 574 1603 636 προνοῶν
1646 566 1901 635 ἀφαιρῶν

163 671 182 703 5
208 651 308 718 τὴν
348 650 515 714 δόξαν
553 651 621 719 ἣν
662 652 734 714 ὡς
773 651 897 721 περὶ
937 663 1132 722 σοφῶν
1172 647 1321 724 εἶχον
1360 655 1433 718 ὡς
1480 655 1582 708 οὐκ
1621 653 1691 708 ἂν
1730 656 1927 726 δυναᾼ

207 737 389 807 μένων
443 742 655 809 σοφούς
716 761 772 793 τε
834 745 1077 810 νομίζειν
1140 742 1278 811 ὁμοῦ
1341 742 1431 796 καὶ
1493 744 1565 813 μὴ
1619 745 1901 797 πιστεύειν

208 827 411 890 αὐτοῖς.

321 917 405 970 97.
446 916 577 971 Ἀλλ’
606 916 841 981 ’Ἄνυτος
882 920 1062 989 ὥσπερ
1103 928 1198 990 τῆς
1236 922 1456 990 φύσεως
1502 920 1590 974 ἐπὶ
1637 921 1900 974 τάναντία

206 1006 632 1075 πορευσομένης,
673 1013 728 1060 εἷ’
759 1028 842 1071 τις
893 1007 1200 1077 Ἀθηναίων
1233 1011 1646 1079 φρονιμώτερος
1689 1011 1900 1078 ἀναφα-

140 1116 183 1148 10
208 1096 323 1163 νείη
369 1105 477 1148 τῶν
517 1095 746 1165 ἑτέρωθι
787 1097 1168 1167 γεγενημένων
1200 1098 1439 1168 ἀνδρῶν,
1480 1099 1771 1167 ἀγανακτεῖ
1808 1097 1898 1151 καὶ

206 1184 415 1236 κελεύει
474 1187 822 1255 παραδοῦναι
885 1195 1000 1249 τοῖς
1061 1186 1257 1240 ἕνδεκα
1319 1186 1447 1241 δέον
1510 1174 1727 1257 σωτῆρα
1788 1197 1900 1240 τῶν

206 1271 349 1325 νέων
388 1275 631 1341 νομίζειν
671 1273 732 1327 ἐν
770 1284 885 1338 τοῖς
922 1274 1047 1345 περὶ
1087 1285 1199 1329 τῶν
1238 1286 1483 1345 ποιητῶν
1526 1279 1722 1344 λόγοις.
1775 1278 1899 1329 ἰδοὺ

206 1362 310 1431 γάρ
352 1376 412 1414 σε
450 1363 620 1416 πάλιν
659 1362 863 1431 ἐρωτῶ·
917 1365 1054 1434 πρὸς
1093 1368 1217 1418 τίνα
1265 1365 1583 1436 ἀνθρώπων
1629 1366 1723 1427 τὰς
1773 1363 1892 1434 παρ’

199 1448 505 1514 Ὀδυσσέως
543 1453 679 1504 κατὰ
717 1460 817 1506 τοῦ
858 1454 1035 1522 δήμου
1071 1455 1281 1522 πληγὰς
1314 1453 1603 1516 ἐπαινέσας
1644 1453 1899 1521 ἐπέθηκε·

117 1543 312 1588 RIH34
390 1541 494 1593 καὶ
543 1543 619 1593 σὺ
667 1543 896 1595 τοίνυν
942 1552 1069 1595 τῶν
1106 1544 1222 1611 μὲν
1259 1542 1419 1611 μέγα
1466 1541 1848 1612 δυναμένων
1891 1542 1894 1614 Ι

140 1649 183 1680 16
209 1630 312 1682 καὶ
383 1634 691 1698 λαμπρῶν
759 1630 1027 1700 ἀπέχου,
1105 1634 1256 1694 τοὺς
1330 1632 1398 1684 δὲ
1467 1630 1900 1700 πενεστέρους

206 1721 464 1783 ἔλαυνες
504 1722 628 1771 τίνα
669 1720 736 1787 δὴ
777 1728 888 1772 τῶν
921 1720 988 1772 οὐ
1021 1728 1186 1772 τοῦτο
1231 1722 1610 1789 πεποιηκότων
1642 1720 1714 1782 ὡς
1749 1719 1898 1772 ἀπει-

206 1812 424 1860 θοῦντα
465 1815 559 1876 τῆς
597 1809 733 1877 πρὸς
774 1807 972 1861 ἑαυτὸν
1011 1811 1313 1871 συνουσίας
1353 1807 1694 1872 απέκλεισεν;

321 1895 405 1948 98.
461 1897 532 1949 Εἰ
581 1897 642 1949 δὲ
690 1895 885 1964 λέγεις·
935 1898 1135 1951 αὑτὸν
1180 1899 1297 1966 μὲν
1351 1895 1734 1960 ἀξιόπιστον
1783 1897 1898 1949 οὐκ

141 2005 184 2036 20
211 1984 507 2053 ἐνόμιζεν
548 1987 846 2053 ἔσεσθαι,
885 1994 957 2055 τῇ
999 1983 1066 2038 δὲ
1108 1985 1257 2056 δόξῃ
1299 1996 1424 2039 τῶν
1462 1995 1748 2054 ποιητῶν
1796 1983 1897 2037 ἐπὶ

206 2075 274 2126 τὸ
314 2077 579 2126 πείθειν
619 2074 873 2143 ἐχρῆτο,
913 2075 973 2127 τὸ
1013 2071 1115 2143 μὲν
1147 2075 1221 2138 ὡς
1253 2076 1474 2128 ἐναντία
1507 2080 1689 2145 σαυτῷ
1724 2073 1898 2142 λέγεις

327 2209 379 2247 21
414 2204 531 2248 Plat.
566 2204 686 2261 apol.
726 2221 772 2261 p.
799 2210 853 2249 27
874 2206 912 2249 A

328 2327 349 2365 1
378 2323 550 2367 οὐκοῦν
575 2336 650 2366 om
674 2323 778 2380 Rog
883 2328 909 2366 4
934 2323 1133 2384 ἀφῄρειὶ)
1241 2329 1265 2368 6
1299 2324 1359 2381 μὴ
1385 2338 1460 2367 om
1487 2325 1576 2367 Ma
1668 2327 1706 2365 ,9
1732 2338 1896 2377 πορευ-

209 2381 401 2437 σομένης
420 2381 584 2437 scripsi
602 2396 626 2425 e
647 2384 878 2427 MaAthB
904 2397 1008 2426 cum
1026 2384 1127 2441 Rog
1187 2382 1548 2439 πορευσομένοις
1573 2383 1641 2426 Va
1701 2397 1896 2436 πορευο-

207 2439 346 2496 μένης
371 2441 524 2484 UMor
540 2441 608 2484 Re
716 2446 770 2485 10
788 2443 867 2485 καὶ
885 2457 957 2486 om
976 2443 1044 2486 Re
1152 2449 1204 2486 11
1223 2442 1396 2486 κελεύει
1412 2443 1712 2496 παραδοῦναι
1729 2440 1895 2496 scripsi

209 2513 232 2542 e
267 2499 528 2544 MaUVaB
562 2514 667 2543 cum
696 2501 800 2556 Rog
859 2503 1159 2557 παραδοῦναι
1191 2502 1364 2546 κελεύει
1395 2502 1489 2544 Ath
1520 2500 1622 2543 Mor
1638 2499 1705 2542 Re
1741 2502 1745 2555 Ι
1788 2498 1895 2544 δέον

206 2558 393 2614 reposui
426 2572 451 2602 e
482 2558 613 2602 libris
647 2562 834 2603 auctore
866 2559 1038 2604 Cobeto
1080 2575 1183 2604 cum
1216 2561 1320 2617 Rog
1395 2559 1446 2604 δὲ
1479 2559 1580 2602 Mor
1618 2558 1699 2613 qui
1739 2557 1793 2603 ὃν
1826 2561 1900 2602 δεῖ

209 2617 327 2672 coni,
359 2617 426 2660 Re
490 2617 656 2662 ἑαυτὸν
689 2617 740 2663 δὲ
774 2618 977 2663 Sintenis
1082 2625 1134 2663 12
1167 2627 1259 2664 τῶν
1291 2619 1466 2662 inserui
1492 2632 1547 2661 ex
1571 2617 1759 2662 AthUB
1821 2631 1896 2660 om

210 2677 378 2721 MaVa
410 2676 501 2719 edd.
624 2681 678 2720 13
709 2677 851 2722 πάλιν
884 2692 931 2722 σε
965 2679 1050 2734 ἐρῶ
1085 2681 1173 2723 Μα
1296 2684 1350 2722 14
1387 2678 1464 2721 καὶ
1499 2678 1587 2721 Μα
1637 2679 1642 2732 1
1694 2674 1895 2732 ἐπέφησε

210 2735 313 2779 coni
345 2735 412 2778 Re
446 2735 568 2790 quod
608 2735 707 2779 iure
746 2736 982 2780 Iacobsius
1017 2737 1219 2781 Sintenis
1255 2738 1359 2794 Rog
1399 2735 1778 2791 improbaverunt

210 2799 264 2836 15
290 2795 442 2838 αὐτῶν
475 2795 569 2838 Ath
603 2795 608 2849 Ι
648 2795 730 2851 μὲν
763 2809 838 2838 om
872 2798 960 2840 Ma
1082 2802 1134 2839 17
1169 2796 1226 2852 δὴ
1259 2795 1444 2852 reposui
1476 2808 1531 2838 ex
1562 2795 1655 2838 Ath
1668 2795 1782 2838 UVa
1845 2792 1895 2837 δὲ

210 2854 345 2896 MaB
378 2853 469 2896 edd
496 2856 502 2908 Ι
531 2854 585 2897 οὐ
618 2867 692 2897 om
725 2856 814 2898 Ma
937 2859 990 2898 18
1023 2855 1139 2910 πρὸς
1167 2855 1334 2899 ἑαυτὸν
1364 2852 1551 2910 reposui
1577 2867 1600 2896 e
1625 2852 1758 2896 libris
1791 2865 1895 2895 cum

208 2911 311 2968 Rog
371 2909 477 2967 παρ’
516 2911 662 2970 ἑαυτῷ
693 2912 795 2957 Mor
811 2913 878 2957 Re
1002 2918 1054 2957 19
1081 2914 1225 2958 αὐτὸν
1253 2916 1341 2958 Μα
1353 2914 1516 2958 UVaB
1638 2917 1690 2954 21
1717 2918 1779 2955 τῶ
1808 2912 1895 2955 Μα

209 2970 266 3013 ef.
306 2985 349 3026 p.
379 2975 447 3025 59,
469 2976 521 3013 12
