2026 3192
475 110 748 155 ACHILLIS
780 110 862 153 AD
896 109 1128 153 ULIXEM
1162 109 1490 153 ANTILOGIA
1702 109 1808 161 351

231 247 315 299 82.
344 245 500 313 Ὅτι,
540 248 700 315 φησί,
756 247 908 308 τοὺς
963 248 1236 307 λοιποὺς
1275 243 1586 313 ’Έλληνας
1626 245 1812 308 ἀξιον

119 336 342 389 ἐλεεῖν.
405 338 462 388 τί
512 335 708 403 λε’γεις;
764 328 846 397 οἷς
900 336 1094 402 ἤρεσκε
1152 335 1218 385 τὰ
1271 336 1391 386 τότε
1444 338 1810 402 πραττόμενα;

118 434 232 487 πῶς
272 425 402 494 γάρ,
444 430 594 493 εἴπερ
635 424 737 477 οὐκ
774 425 996 491 ἤρεσκε,
1043 422 1370 492 πέπρακται,
1425 424 1472 475 εἰ
1523 425 1626 491 γὰρ
1677 423 1812 476 ἐκεῖ-

118 534 206 566 νοι
247 512 655 583 συστραφέντες
700 511 791 565 καὶ
837 514 903 565 τὰ
944 511 1084 564 ὅπλα
1122 510 1352 580 θέμενοι
1396 512 1486 564 καὶ
1523 513 1812 580 περιστάν-

118 621 205 664 τες
265 603 366 670 τὴν
428 603 639 670 σκηνὴν
694 600 1099 670 Ἀγαμέμνονος
1163 599 1253 653 καὶ
1307 601 1443 668 βοῆς
1506 600 1812 669 ἐμπλήσαν-
1860 621 1880 653 5

118 710 206 753 τες
257 691 357 743 τὸν
411 691 772 758 ναύσταθμον
827 689 1129 759 ἐχρήσαντο
1186 691 1420 752 δικαίοις
1465 688 1555 742 καὶ
1604 690 1811 758 συμφέ-

120 794 281 848 ρουσι
323 782 525 848 λόγοις,
566 779 667 832 οὐκ
699 779 768 831 ἂν
802 779 945 832 οὕτω
977 780 1374 846 μετεπεπτώκει
1407 780 1472 831 τὰ
1508 779 1812 848 πράγματα,

119 866 313 936 ἔλεγον
360 867 409 920 δ’
456 867 525 921 ἂν
576 868 685 935 ὅτι,
735 863 777 921 ὦ
824 871 1097 937 βασιλεῦ
1151 878 1278 921 τῶν
1326 871 1682 935 Μυκηνῶν,
1738 867 1812 918 οὐ

119 962 328 1019 καλῶς
365 954 526 1027 ὑπὲρ
567 957 901 1010 τῶνὸλων
939 958 1239 1027 βουλεύῃ.
1311 956 1583 1028 Πριάμῳ
1623 970 1812 1025 στρα-

119 1057 339 1115 τηγεῖς
402 1047 509 1099 διὰ
570 1057 695 1099 τῶν
749 1046 1183 1114 ὑβρισμάτων.
1246 1045 1407 1113 ἡμᾶς
1468 1046 1811 1114 προδίδως.
1838 1067 1883 1098 10

119 1137 269 1197 τοὺς
321 1135 668 1198 ἐναντίους
716 1141 937 1202 αἴρεις.
995 1135 1187 1204 εὐχὰς
1219 1133 1477 1203 ’Ἕκτορι
1523 1138 1812 1203 πληροῖς.

121 1225 328 1293 ἄνδρα
383 1233 492 1293 τῆς
554 1227 921 1293 συμμαχίας
982 1223 1376 1286 ἀπελαύνεις
1436 1224 1540 1276 καὶ
1602 1232 1814 1284 ποιεῖς

122 1311 365 1381 ἐχθρὸν
404 1323 542 1375 τοῖς
580 1312 912 1380 πράγμασι
953 1311 1033 1364 δι’
1079 1312 1154 1365 ὃν
1200 1312 1565 1381 ἀφίγμεθα,
1613 1310 1694 1364 δι’
1740 1311 1812 1364 ὃν

122 1400 474 1470 ἀπέβημεν,
521 1401 601 1455 δι’
649 1401 722 1454 ὃν
770 1401 1206 1469 εὐποροῦμεν,
1256 1400 1332 1453 δι’
1383 1401 1456 1453 ὃν
1506 1401 1657 1454 εἴσω
1697 1419 1814 1453 πυ-

122 1493 250 1542 λῶν
305 1493 365 1543 οἱ
429 1494 661 1561 Τρῶες,
718 1491 785 1553 ὃς
847 1490 991 1544 ἀντὶ
1046 1494 1304 1559 τείχους
1358 1500 1496 1553 τοῖς
1539 1489 1814 1559 Ἀχαιοῖς
1839 1510 1881 1542 15

121 1579 480 1648 γεγένηται.
522 1580 639 1649 ὅρα
671 1581 750 1648 μὴ
789 1588 911 1633 νῦν
942 1578 1059 1646 μὲν
1090 1583 1324 1649 χαρίσῃ
1355 1589 1495 1641 ταῖς
1526 1579 1812 1647 ἡδοναῖς,

121 1670 359 1736 μικρὸν
390 1667 439 1721 δ’
477 1669 757 1738 ὕστερον
790 1670 1130 1739 δακρύσῃς.
1172 1668 1591 1731 ἀποδέδωκας
1625 1666 1631 1740 Ι
1711 1672 1828 1715 RIV
1850 1677 1904 1716 75

122 1765 205 1828 τῷ
251 1763 380 1829 θεῷ
420 1759 536 1826 τὴν
583 1760 806 1827 κόρην,
850 1758 879 1811 ὁ
920 1759 1038 1826 γὰρ
1096 1759 1320 1826 λοιμὸς
1374 1756 1690 1826 ἐβιάζετο,
1745 1755 1814 1809 ἔα

121 1845 345 1911 με’νειν
384 1845 526 1916 παρ’
564 1846 847 1915 Ἀχιλλεῖ
882 1848 949 1899 τὸ
985 1847 1188 1915 γε’ρας.
1229 1848 1303 1900 οὐ
1337 1848 1455 1914 γὰρ
1491 1846 1814 1914 ἀναγκάζῃ

125 1937 364 2003 λαβεῖν.
393 1945 503 1989 ποῖ
535 1937 915 2004 Ταλθύβιον
938 1935 1565 2002 τοῦτον>ἐκπε’μπεις;
1598 1933 1810 2004 μέμψῃ
1839 1955 1883 1987 20

123 2025 366 2091 ταύτην
420 2027 535 2094 τὴν
591 2026 952 2078 διακονίαν.
1033 2025 1117 2077 83.
1158 2027 1209 2077 εί
1257 2022 1359 2093 μὲν
1399 2021 1502 2077 οὖν
1540 2027 1814 2092 κατείχετο

247 2189 267 2226 1
301 2184 352 2228 Il.
387 2202 403 2228 ι
436 2189 521 2229 300
540 2201 605 2242 sq.
730 2190 755 2228 9
788 2186 840 2229 Il.
875 2203 903 2228 α
939 2190 1021 2229 117
1147 2190 1202 2228 14
1234 2185 1377 2229 Thuc.
1410 2185 1472 2229 IV
1502 2189 1586 2239 9,ss
1621 2186 1668 2227 et
1700 2189 1811 2238 12‚1

247 2248 299 2286 15
332 2243 474 2288 Thuc.
503 2244 546 2288 H
571 2251 611 2299 3,
630 2250 654 2287 2

247 2398 268 2435 1
304 2391 439 2447 φήσει
472 2394 547 2436 La
560 2394 707 2436 Vz'Ma
850 2398 877 2435 4
909 2392 1101 2450 θέμενοι
1135 2395 1224 2437 Ma
1256 2393 1337 2435 sed
1377 2409 1431 2448 γρ
1471 2389 1815 2447 περιτιθέμενοι

127 2452 174 2494 in
207 2466 341 2508 marg
371 2452 441 2495 m²
584 2456 608 2494 6
641 2450 693 2496 τὸ
727 2453 861 2496 Lam·
910 2454 915 2508 Ι
966 2454 1046 2496 καὶ
1077 2454 1186 2495 ante
1219 2449 1422 2501 δικαίοις
1453 2451 1698 2495 HVLaVi

130 2515 152 2552 7
188 2509 306 2554 οὕτω
339 2525 413 2554 om
447 2512 581 2555 Laur
607 2514 613 2567 Ι
641 2512 985 2567 μεταπεπτώκει
1017 2512 1092 2555 La
1104 2513 1252 2555 ViMa
1383 2514 1436 2553 10
1467 2517 1560 2555 τῶν
1592 2509 1815 2568 ὑβρισμά-

127 2586 218 2614 των
250 2570 436 2626 reposui
469 2584 494 2613 e
525 2569 658 2613 libris
719 2578 802 2615 τοῦ
835 2569 1114 2629 ὑβρίσματος
1146 2570 1236 2613 edd
1360 2575 1414 2612 14
1448 2568 1672 2628 ἐπέβημεν
1713 2568 1772 2611 Vi
1805 2569 1810 2625 Ι

128 2630 414 2686 εὐποροῦμεν
447 2630 537 2673 Ma
569 2630 651 2673 sed
683 2631 734 2673 εὐ
766 2630 814 2673 in
846 2643 922 2673 ras
953 2629 1023 2673 m⁸
1050 2633 1056 2685 Ι
1092 2627 1145 2673 οὗ
1181 2631 1271 2673 Μα
1302 2628 1384 2672 sed
1414 2646 1443 2672 v
1475 2628 1523 2671 in
1555 2646 1582 2672 ν
1614 2642 1716 2672 corr
1745 2627 1816 2670 m³

249 2693 300 2731 17
335 2687 386 2733 δὲ
419 2689 562 2732 LaVz·
596 2691 603 2744 Ι
645 2689 877 2746 δακρύσῃς
912 2691 998 2733 Ma.
1031 2689 1111 2731 sed
1144 2706 1199 2743 ης
1231 2701 1332 2731 corr
1361 2687 1431 2730 m²
1492 2687 1739 2742 δακρύσεις
1777 2686 1820 2727 V

129 2746 229 2790 Mor
278 2752 284 2803 Ι
334 2746 639 2797 ἀποδέδωκας
670 2747 837 2803 scripsi
872 2762 926 2791 ex
960 2750 1018 2792 H
1022 2748 1432 2792 VLaViMaLaur
1492 2745 1738 2796 ἀπέδωκας
1769 2746 1815 2788 Β

131 2806 230 2850 Gan
261 2806 351 2850 edd
490 2811 542 2850 18
574 2806 659 2862 τὴν
692 2821 767 2849 om
806 2807 865 2851 Vi
1001 2811 1054 2850 19
1088 2806 1218 2860 παρὰ
1252 2807 1340 2849 Μα
1389 2808 1395 2861 Ι
1444 2804 1680 2863 ἀναγκάζῃ
1714 2804 1816 2847 Mor

131 2865 211 2907 Sed
243 2883 298 2922 γρ
330 2865 510 2922 ἀνάγκη
543 2866 592 2909 in
616 2879 750 2922 marg
810 2866 1090 2922 ἀναγκάζειν
1117 2865 1216 2909 Can
1338 2870 1390 2908 21
1427 2865 1467 2908 εἰ
1492 2891 1546 2896 -
1573 2868 1672 2915 362,
1694 2870 1713 2906 1
1741 2862 1813 2907 λό-

128 2939 227 2978 γοις
256 2926 364 2979 post
393 2923 526 2982 ὕβρις
555 2924 708 2968 BOan
