2026 3192
259 93 368 144 442
726 91 954 136 LIBANH
984 91 1376 136 DECLAMATIO
1407 92 1515 136 VIII

259 227 396 282 ὥσθ’
445 228 733 297 ὁμολογῶν
773 228 942 282 αὐτὸν
983 226 1446 297 ἐπιτεθυμηκέναι
1486 231 1730 297 βεβαιοῖς
1770 230 1830 282 τὸ
1871 230 1951 282 δι-

167 322 391 366 R1V416
436 319 605 380 καίως
637 316 809 370 αὐτὸν
848 318 1130 370 τεθνάναι.
1166 318 1172 385 Ι
1209 319 1256 370 εἰ
1289 316 1337 370 δ’
1376 315 1670 384 ἐπιθυμῶν
1702 316 1786 371 ἀεὶ
1817 336 1952 387 παρ-

256 406 445 460 θένων
476 404 566 459 καὶ
599 407 664 458 τὰ
691 406 830 459 αὐτὰ
855 407 1007 474 δρῶν
1036 404 1232 476 προῄει
1263 405 1354 459 καὶ
1388 406 1490 460 οὐκ
1524 405 1772 474 ἐπαύετο,
1797 405 1945 459 τοῦτ’

256 495 426 548 αὐτὸν
465 493 664 559 ἔσωζεν
701 494 842 564 <ἂν>
889 496 920 564 ἡ
961 493 1230 564 ἐπιθυμία
1276 496 1367 548 καὶ
1412 497 1542 557 τοὺς
1588 495 1952 564 ἠδικημένους

210 606 229 638 5
255 585 409 652 δίκης
446 593 634 653 τυχεῖν
673 582 958 637 ἐκεκώλυτ’
1005 583 1075 637 ἂν
1120 593 1184 654 τῇ
1233 591 1330 637 τοῦ
1380 584 1700 653 ἠδικηκότος
1753 584 1949 637 ἐπιθυ-

254 676 364 743 μίᾳ.
429 671 548 726 ἀλλ’
608 673 674 726 οὐ
729 675 790 726 τὸ
854 682 965 726 τῶν
1028 672 1377 742 ἀδικημάτων
1433 678 1612 726 αἴτιον
1674 675 1949 741 σωτηρίαν

255 759 397 815 εἶναι
437 763 522 815 δεῖ
560 772 675 825 τοῖς
713 771 1003 831 πονηροῖς,
1057 765 1189 829 μιάν
1229 759 1289 815 δὲ
1329 762 1635 830 ἀπολογιάν
1674 763 1850 831 μόνην
1888 762 1949 815 τὸ

254 853 326 921 μὴ
366 855 830 920 πεπονηρεῦσθαι.
873 853 920 904 εἰ
957 853 1061 920 γὰρ
1095 853 1538 920 συγγνωσόμεθα
1576 861 1692 914 τοῖς
1724 848 1795 903 δι’
1836 848 1950 903 ἐπι-

256 943 472 1009 θυμίαν
506 941 645 993 κακὰ
678 939 1078 1009 ἐργαζομένοις,
1119 942 1557 1008 συγγνωσόμεθα
1587 938 1678 993 καὶ
1711 949 1824 1002 τοῖς
1857 940 1950 993 διὰ

187 1053 230 1085 10
254 1031 314 1082 τὸ
348 1031 571 1083 δεῖσθαι
602 1030 903 1098 χρημάτων
926 1030 1066 1082 κακὰ
1097 1028 1491 1099 ἐργαζομένοις.
1566 1028 1648 1081 19.
1682 1028 1742 1082 ἐν
1771 1029 1948 1100 τούτῳ

255 1116 315 1171 δὲ
355 1123 576 1171 πολλῶν
615 1116 705 1171 καὶ
739 1118 991 1186 μεγάλων
1024 1118 1376 1187 ἀδικημάτων
1415 1117 1752 1171 ἀπολοῦνται
1784 1118 1948 1186 δίκαι,

252 1211 454 1277 τοίχων
494 1209 773 1277 διορυχῆς,
812 1208 1021 1275 τάφων,
1064 1208 1242 1277 ἱερῶν.
1282 1205 1372 1260 καὶ
1412 1207 1560 1274 παρὰ
1600 1215 1712 1258 τῶν
1750 1207 1815 1259 τὰ
1847 1207 1947 1275 ὄρη

253 1298 665 1365 κατειληφότων
705 1295 793 1349 ε’πὶ
833 1299 1054 1366 λῃστείᾳ
1084 1296 1174 1349 καὶ
1205 1296 1353 1365 παρὰ
1383 1305 1495 1348 τῶν
1526 1296 1627 1364 τὴν
1666 1295 1949 1348 θάλατταν

254 1385 607 1454 ἀκουσόμεθα
647 1384 1011 1453 κρινομένων·
1066 1388 1387 1453 πτωχείας
1433 1383 1753 1453 ἐγενόμην
1798 1388 1947 1451 κλη-

188 1498 229 1531 15
255 1477 560 1543 ρονόμος,
601 1473 718 1527 οὐκ
758 1470 963 1543 εἶχον,
1002 1475 1321 1543 ἠπόρουν,
1362 1470 1645 1543 ἔχρῃζον.
1688 1473 1825 1526 ἀλλὰ
1864 1474 1948 1526 δεῖ

253 1564 388 1631 πρὸς
427 1566 559 1626 τοὺς
597 1565 885 1626 τοιούτους
926 1561 1105 1631 λέγειν
1139 1563 1223 1616 ὅτι
1263 1558 1340 1630 ἠν
1378 1563 1494 1629 μὲν
1531 1564 1946 1630 πολλαχόθεν

255 1652 520 1720 ἀποζῆν,
584 1652 794 1721 ὥσπερ
852 1651 1063 1720 ἕτεροι
1119 1655 1345 1720 μυριόι
1398 1650 1692 1719 πένητες,
1748 1646 1825 1718 ἠν
1879 1648 1946 1704 δὲ

253 1742 356 1794 καὶ
406 1745 565 1813 λιμῷ
616 1743 939 1810 πρότερον
978 1726 1362 1793 ’ἀποθανεῖν
1408 1738 1441 1808 ἢ
1489 1746 1759 1792 τοιαῦτα
1806 1739 1946 1792 ἀδι-

252 1839 406 1883 κεῖν.

187 1943 229 1975 20
364 1918 449 1971 20.
491 1916 615 1971 Καὶ
663 1919 779 1971 οὐκ
826 1917 1021 1987 ἐχρῆν
1066 1917 1480 1987 ἐπειχθῆναι,
1537 1920 1734 1986 φησίν,
1783 1916 1943 1970 ἀλλὰ

252 2005 376 2074 μετ’
433 2007 586 2076 ἐμοῦ
634 2007 1132 2074 βουλεύσασθαι
1178 2008 1325 2075 περὶ
1375 2013 1489 2059 τοῦ
1544 2006 1943 2074 πράγματος,

252 2098 343 2150 καὶ
381 2097 605 2164 ἠκούετε
644 2095 993 2165 μεμνημένου
1032 2094 1123 2148 καὶ
1163 2095 1358 2164 γάμου.
1397 2097 1563 2157 καλός
1602 2114 1662 2162 γε
1703 2094 1731 2148 ὁ
1773 2095 1945 2164 γάμος

374 2246 428 2285 14
460 2241 588 2285 Dem.
614 2257 659 2298 p.
686 2246 852 2296 603‚29
976 2246 1031 2285 20
1057 2241 1113 2286 cf.
1139 2257 1181 2297 p.
1202 2246 1416 2296 426‚2sq.
1540 2246 1594 2283 22
1629 2240 1684 2284 of.
1710 2244 1941 2296 p.427,10

373 2380 397 2418 2
431 2375 482 2419 δὲ
515 2375 781 2419 VaBMaOl
811 2374 902 2418 edd
1040 2379 1063 2416 3
1097 2374 1171 2418 ἀεὶ
1203 2375 1312 2418 ante
1342 2374 1509 2433 προῄει
1543 2374 1687 2419 Mam
1821 2378 1848 2416 4
1880 2371 1941 2417 ἂν

251 2434 427 2478 inserui
489 2449 566 2478 om
599 2433 705 2477 libri
738 2434 829 2477 edd
855 2435 862 2488 Ι
889 2434 969 2478 καὶ
999 2434 1108 2483 τοὺς
1137 2433 1187 2476 in
1214 2447 1289 2476 ras
1323 2433 1415 2478 Va²
1535 2438 1559 2477 5
1594 2429 1834 2477 ἐκεκώλυτ’
1872 2433 1941 2477 Va

253 2494 335 2538 sed.
367 2494 440 2538 ἐκε
470 2493 521 2535 in
552 2507 627 2537 ras
659 2492 729 2535 m²
789 2489 1064 2537 οὐκεκώλυτ’
1089 2493 1247 2537 HOVi
1378 2497 1402 2535 6
1436 2494 1491 2536 οὐ
1517 2518 1571 2525 -
1598 2497 1624 2536 8
1654 2498 1940 2548 πεπονηρεῦ-

253 2555 369 2596 σθαι
400 2552 518 2596 citaf,
544 2552 774 2596 Macarius
807 2551 872 2595 fol
897 2556 978 2594 85v
1100 2556 1124 2594 9
1157 2559 1309 2603 κακῶς
1342 2553 1432 2596 Μα
1463 2552 1543 2595 sed
1576 2558 1636 2601 ῶς
1666 2550 1715 2593 in
1746 2565 1820 2594 ras

255 2617 307 2655 12
340 2610 506 2669 τοίχων
543 2613 631 2655 Μα
663 2611 744 2654 sed
777 2609 848 2667 οἰχ
880 2612 928 2654 in
959 2625 1034 2654 ras
1062 2615 1068 2665 Ι
1097 2612 1336 2667 ὃιορυχαῖς
1363 2612 1537 2665 ΜαΟῑΙ
1579 2615 1632 2653 12
1665 2611 1713 2653 et
1746 2614 1799 2653 13
1830 2610 1940 2664 περὶ

251 2671 301 2714 in
332 2684 407 2713 ras
441 2670 531 2714 Va²
654 2675 706 2713 13
741 2667 1003 2727 ἐπιληστεία
1037 2669 1088 2713 CZ
1123 2673 1128 2727 Ι
1162 2670 1407 2714 θάλασσαν
1434 2670 1492 2714 Vi
1612 2673 1666 2712 15
1698 2666 1938 2724 ηὐπόρουν

255 2730 292 2774 C
338 2732 343 2784 Ι
395 2728 584 2786 ἔχρῃζον
615 2728 725 2772 libri
765 2729 856 2772 edd
896 2728 952 2772 cf.
987 2729 1047 2772 ad
1078 2744 1122 2784 p.
1153 2733 1265 2782 71‚4
1411 2733 1464 2771 16
1502 2729 1611 2778 τοὺς
1645 2742 1719 2771 om
1752 2729 1797 2772 Β

254 2792 308 2831 18
340 2787 566 2842 πρότερον
598 2787 762 2843 scripsi
796 2790 986 2832 auctore
1008 2788 1077 2831 Re
1138 2795 1320 2842 πρῶτον
1352 2787 1461 2831 libri
1493 2787 1584 2830 edd
1706 2791 1760 2830 20
1794 2786 1936 2842 φησὶν

262 2849 329 2892 Va
360 2847 439 2891 sed
472 2863 499 2902 η
532 2846 579 2889 in
612 2861 687 2890 ras
719 2846 789 2890 m²
932 2852 986 2890 22
1019 2847 1098 2891 καὶ
1125 2873 1179 2878 -
1204 2845 1354 2902 γάμου
1398 2860 1472 2890 om
1504 2847 1549 2890 B
1598 2848 1604 2902 Ι
1654 2845 1844 2901 ἠκούετε
1876 2842 1936 2888 ἂν

253 2906 356 2951 coni
388 2905 543 2950 Gasda.
