2026 3192
683 122 933 171 ORESTIS
964 126 1264 172 DEFENSIO
1705 128 1814 181 375

228 263 277 317 3.
303 259 368 317 t*0
407 262 473 316 δέ
506 283 572 332 με
602 263 837 331 μάλιστα
869 268 1031 317 λυπεῖ
1060 262 1186 333 περὶ
1218 262 1441 317 τουτονὶ
1481 266 1579 317 τὸν
1610 264 1814 333 ἀγῶνα,

116 361 280 406 τοῦτο
334 355 473 423 πρὸς
527 353 668 421 ὑμᾶς
718 352 819 406 οὐκ
865 352 1281 421 ἀποκρύψομαι,
1337 353 1575 423 ὅτιΙπερ]
1627 354 1656 423 ἡ
1702 363 1815 407 τῶν

116 444 411 509 παρόντων
448 443 671 496 πάντων
710 443 875 508 αἰτία,
916 440 988 495 δι’
1028 441 1099 510 ἣν
1138 447 1343 510 οἴχεται
1381 439 1483 511 μὲν
1522 444 1751 512 οἰκτρῶς
1783 442 1812 496 ὁ

117 534 311 601 πατήρ,
351 531 456 600 ἐγὼ
499 528 559 585 δὲ
596 530 915 601 παραδόξως
947 534 1204 599 κρίνομαι
1245 533 1502 601 σήμερον,
1543 531 1678 599 αὕτη
1718 552 1812 600 μοι

116 623 292 691 μήτηρ
350 618 493 674 εἶναι
548 623 712 675 δοκεῖ.
766 620 871 674 κᾶν
920 618 1021 688 μὲν
1076 621 1407 690 αἰδούμενος
1460 622 1555 683 τὰς
1610 622 1813 684 οἰκείας

116 711 406 780 συμφορὰς
446 713 821 779 σιωπήσωμαι,
863 709 965 762 οὐκ
1000 707 1146 780 ἔχειν
1184 709 1325 778 (ἂν)
1366 708 1581 779 δόξαιμι
1622 708 1694 763 δι’
1734 706 1813 763 ὧν

114 800 216 869 τὴν
254 799 562 867 ἀπολογίαν
600 799 892 869 πληρώσω·
941 797 1012 852 ἂν
1050 797 1096 851 δ’
1144 798 1252 852 ὑπὸ
1301 807 1396 868 τῆς
1443 798 1686 868 ἀνάγκης
1723 798 1811 852 τά-

116 892 259 957 ληθῆ
302 887 486 956 λέγειν
523 890 865 957 προάγωμαι,
905 886 1046 951 δόξω
1086 889 1183 950 τὰς
1213 887 1477 958 ἡμετέρας
1507 887 1813 958 προφέρειν

116 977 220 1046 ἐγὼ
260 978 567 1047 συμφοράς,
607 976 674 1030 ὃν
712 976 989 1047 ἐρυθριᾶν
1026 974 1140 1030 ἔδει
1173 976 1558 1046 διηγουμένων
1590 976 1810 1047 ἑτέρων,

114 1066 204 1120 καὶ
243 1067 382 1136 μηδὲ
419 1065 795 1135 περιστέλλειν
835 1065 1041 1119 εἰδέναι
1073 1067 1139 1119 τὰ
1172 1074 1380 1134 σιωπῆς
1412 1065 1549 1130 ἄξια.
1605 1066 1655 1119 4.
1687 1067 1813 1120 τού-

115 1176 214 1209 του
243 1152 355 1225 μὲν
395 1152 499 1209 οὖν
538 1155 712 1218 αἴτιος
751 1155 779 1209 ὁ
819 1157 1124 1224 κατήγορος
1166 1155 1349 1225 ὥσπερ
1381 1165 1498 1218 τοῖς
1531 1155 1814 1225 ἡμετέροις

115 1244 476 1315 ἐπεντρυφῶν
516 1244 823 1314 ἀτυχήμασι
861 1245 950 1297 καὶ
992 1246 1069 1307 εἰς
1117 1245 1381 1314 τοιαύτην
1419 1244 1559 1314 ἡμᾶς
1598 1245 1813 1315 αἵρεσιν

114 1337 454 1404 καταστήσας
500 1334 637 1387 ὥστε
684 1334 773 1386 καὶ
821 1343 932 1386 τῶν
987 1333 1304 1402 λεγομένων
1359 1334 1523 1396 αὐτὸς
1577 1333 1648 1387 ἀν
1696 1332 1812 1403 ἔχοι

114 1426 216 1493 τὴν
255 1425 438 1477 αἰτίαν
477 1424 711 1485 εἰκότως.
763 1421 870 1491 ἐγὼ
912 1423 973 1476 δὲ
1011 1423 1339 1492 πειράσομαι
1378 1424 1609 1493 μετρίως
1646 1431 1811 1477 τοῦτο

113 1521 312 1579 ποιεῖν,
363 1513 435 1575 ὡς
474 1511 543 1565 ἂν
597 1504 713 1574 οἷός
762 1531 820 1565 τε
860 1508 916 1564 ὦ.
971 1514 1374 1580 παραιτήσομαι
1430 1509 1491 1565 δὲ
1543 1520 1812 1566 τοσοῦτον

113 1602 254 1670 ὑμᾶς
299 1600 547 1670 μέτριον,
601 1601 674 1664 ὡς
728 1599 965 1668 ἐμαυτὸν
1011 1604 1213 1653 πείθω·
1271 1600 1341 1654 ἂν
1388 1599 1588 1668 μεταξὺ
1637 1601 1813 1672 λέγων

114 1691 455 1760 ἀναμνησθῶ
509 1698 608 1744 τοῦ
660 1691 865 1760 πατρὸς
911 1688 1000 1743 καὶ
1055 1699 1167 1743 τῶν
1220 1693 1406 1743 καλῶν
1459 1699 1556 1760 τῆς
1608 1692 1814 1761 μητρὸς

236 1828 258 1866 1
293 1821 317 1866 ὁ
353 1822 427 1866 La
458 1820 567 1865 sed*
603 1822 697 1865 add
728 1836 762 1865 n
793 1823 840 1865 et
871 1822 979 1878 post
1010 1838 1035 1865 ο
1066 1835 1142 1865 ras
1178 1826 1199 1864 1
1233 1821 1314 1866 litt
1362 1823 1369 1879 Ι
1419 1820 1473 1866 δέ
1502 1838 1556 1879 με
1588 1823 1756 1879 scripsi
1787 1836 1812 1866 e

116 1883 238 1927 LaB
270 1881 362 1925 Par
393 1885 506 1925 3017
542 1895 646 1925 cum
678 1881 985 1926 Boissonadio
1017 1880 1236 1935 Pachym.
1266 1886 1350 1925 165
1413 1880 1467 1926 δέ
1498 1898 1576 1938 μοι
1611 1884 1699 1927 Μα
1761 1881 1812 1927 δὲ

113 1941 284 1996 reliqui
315 1941 426 1984 libri
458 1941 549 1984 edd
591 1944 597 1995 Ι
640 1940 746 1994 περὶ
778 1940 944 1996 scripsi
977 1954 1032 1984 ex
1065 1941 1170 1984 HV
1223 1940 1353 1994 παρὰ
1384 1940 1555 1996 reliqui
1586 1941 1698 1985 libri
1730 1942 1810 1985 sed

116 2000 190 2044 del
210 2003 257 2044 et
279 2001 385 2055 περὶ
402 2001 452 2043 in
477 2014 609 2057 marg
635 1999 727 2054 W',
752 2000 843 2043 edd
864 2000 869 2058 Ι
890 2006 1055 2043 τοῦτον
1076 1999 1127 2044 Cl
1144 2000 1210 2043 Re
1332 2005 1357 2043 2
1378 1997 1446 2044 ὅτι
1464 2000 1628 2057 scripsi
1655 1998 1810 2056 ὅτιπερ

116 2060 396 2105 HLaMaCl
456 2060 476 2103 ό
502 2076 545 2104 τι
560 2075 646 2114 περ
668 2060 963 2104 VVaBMVi
978 2059 1068 2102 edd
1176 2063 1201 2102 3
1227 2057 1287 2115 ἢν
1306 2059 1380 2104 La
1398 2060 1479 2103 sed
1493 2055 1514 2072 “
1533 2060 1580 2104 in
1599 2074 1674 2104 ras
1691 2075 1725 2104 n
1751 2063 1757 2117 Ι
1786 2058 1810 2103 ὁ

114 2119 265 2176 πατὴρ
298 2120 491 2174 οἰκτρῶς
524 2119 926 2164 LaBMViMaOl
956 2118 1057 2162 Mor
1177 2123 1204 2161 4
1236 2117 1436 2174 τήμερον
1468 2119 1694 2164 LaMaCl

116 2184 142 2223 5
175 2175 297 2223 εἶναι
328 2179 357 2235 ἡ
392 2178 537 2234 μήτηρ
572 2179 749 2222 HVVa
871 2182 896 2221 6
930 2177 1230 2234 σιωπήσωμαι
1262 2179 1318 2222 Vi
1348 2179 1430 2222 sed
1462 2179 1812 2235 ἀποκρύψωμαι

114 2238 164 2281 in
195 2252 329 2296 marg
352 2237 422 2281 m²
448 2241 454 2294 Ι
483 2235 543 2282 ἂν
567 2237 741 2281 inserui
803 2251 878 2280 om
903 2237 1011 2281 libri
1036 2238 1127 2280 edd
1251 2242 1275 2280 7
1300 2237 1386 2293 τὴν
1413 2252 1488 2281 om
1512 2237 1614 2282 Mor
1641 2240 1646 2294 Ι
1675 2237 1727 2282 δὲ
1754 2239 1813 2283 Μ

117 2297 208 2341 edd
330 2302 357 2340 8
390 2298 476 2354 ἐγὼ
502 2295 757 2353 προφέρειν
783 2298 841 2341 H
846 2298 962 2341 VVa
989 2300 994 2354 Ι
1022 2295 1276 2352 προφέρειν
1309 2311 1384 2341 om
1417 2297 1484 2340 Re
1607 2302 1631 2340 9
1665 2295 1720 2342 ὃν
1755 2298 1811 2341 Vi

115 2357 198 2400 sed
230 2356 286 2407 ἃς
315 2357 365 2400 in
396 2371 529 2414 marg
559 2357 643 2410 m',
679 2357 767 2400 Ma
798 2356 880 2400 sed
914 2355 969 2407 ἃς
1001 2369 1218 2412 suprascr
1249 2355 1320 2399 m⁸
1381 2355 1437 2406 ἃς
1462 2357 1507 2401 Β
1569 2352 1635 2401 ὧν
1669 2357 1773 2401 HV
1800 2357 1804 2413 Ι

115 2414 406 2473 διηγημένων
441 2416 493 2460 ΟΖ
520 2418 526 2474 Ι
556 2414 722 2470 ἑτέρων
750 2416 839 2460 Μα
870 2416 951 2459 sed
985 2415 1004 2460 ἑ
1029 2415 1079 2458 in
1102 2429 1176 2458 ras
1200 2415 1271 2457 m⁸
1393 2419 1448 2459 10
1480 2415 1540 2471 μὴ
1567 2417 1618 2461 δὲ
1644 2416 1742 2460 HB
1754 2417 1811 2460 Vi

174 2475 235 2532 μὴ
270 2477 358 2519 Μα
396 2475 479 2518 sed
510 2474 562 2520 δὲ
592 2475 718 2519 inser
747 2475 830 2529 ω’,
865 2475 919 2520 01
1055 2479 1105 2518 11
1141 2471 1227 2518 οὖν
1259 2487 1334 2518 om
1366 2475 1481 2520 Viol
1539 2475 1665 2519 inser
1698 2474 1810 2519 Ma'

238 2540 291 2579 12
325 2534 625 2591 ἐπεντρυφῶν
655 2535 709 2578 Vi
740 2534 822 2579 sed
854 2541 1019 2590 φανῶν
1049 2534 1099 2577 in
1131 2546 1265 2590 marg
1287 2533 1357 2576 m'
1420 2534 1686 2590 ἐπιτρυφῶν
1720 2536 1809 2579 Ma

116 2594 197 2638 sed
229 2611 246 2637 ι
269 2594 319 2637 in
342 2610 393 2638 εν
418 2607 520 2638 corr
542 2593 624 2645 m⁸,
653 2595 706 2638 (ll
732 2596 739 2651 Ι
767 2592 1054 2651 ἀτυχήμασιν
1082 2593 1174 2637 edd
1235 2592 1491 2649 ἀδικήμασι
1524 2594 1669 2638 MaGl
1695 2598 1700 2644 Ι
1729 2594 1809 2637 καὶ

116 2666 191 2696 om
223 2652 325 2696 Mor
351 2657 356 2708 Ι
385 2654 505 2708 ὑμᾶς
529 2654 585 2697 H
592 2654 674 2697 VB
801 2657 852 2696 13
879 2653 971 2711 ἔχει
996 2653 1061 2696 Re
1186 2656 1240 2695 15
1273 2651 1618 2709 παραιτήσομαι
1637 2654 1698 2697 Μ
1726 2652 1809 2696 sed

115 2711 287 2767 ζητήσω
312 2724 527 2768 suprascr
543 2727 600 2765 m,
621 2713 707 2756 Ma
733 2712 814 2756 sed
832 2711 1003 2768 ζητήσω
1022 2712 1101 2755 καὶ
1119 2725 1334 2767 suprascr
1350 2711 1421 2755 m²
1543 2717 1596 2755 16
1622 2711 1807 2768 μέτριον

115 2771 278 2827 scripsi
340 2769 532 2827 μετρίως
557 2773 646 2816 Μα
669 2771 750 2814 sed
775 2770 852 2814 del
876 2776 923 2815 et
942 2788 997 2828 γρ
1022 2768 1183 2827 μέτρια
1208 2770 1257 2813 in
1282 2785 1415 2828 marg
1430 2770 1514 2825 m’,
1533 2771 1586 2815 Cl
1646 2770 1807 2826 μέτρια

114 2829 283 2886 reliqui
300 2830 409 2874 libri
427 2830 518 2874 edd
642 2834 694 2873 17
720 2837 811 2874 τῶν
835 2833 988 2874 καλῶν
1011 2836 1093 2874 τοῦ
1122 2829 1298 2883 πατρὸς
1321 2831 1401 2874 καὶ
1424 2834 1507 2885 τῆς
1531 2830 1699 2886 μητρὸς
1719 2829 1808 2874 Μα

118 2887 172 2955 ,01
198 2891 204 2945 Ι
230 2895 311 2944 τῆς
341 2889 511 2973 μηξρὸς
540 2896 632 2933 τῶν
662 2890 818 2936 καλῶν
841 2888 943 2934 Μοι·
970 2892 976 2949 Ι
1018 2895 1100 2936 τοῦ
1131 2887 1308 2946 πατρὸς
1340 2890 1398 2933 Vi
1428 2888 1508 2933 sed
1533 2895 1614 2947 τῆς
1638 2888 1808 2949 μητρὸς

117 2960 167 2992 m
196 2959 331 3010 marg
361 2962 408 2996 m

1838 1088 1880 1120 10

1836 1533 1879 1567 15
