2026 3192
734 134 978 179 ClMONIS
1012 133 1235 180 ORATIO
1722 137 1830 190 515

139 279 203 341 τῇ
243 279 342 324 τοῦ
380 272 586 339 πατρὸς
624 272 749 340 περὶ
791 270 882 338 ἐμὲ
920 274 1170 341 προνοίᾳ,
1211 275 1448 338 νομίζων
1478 271 1707 341 πρέπειν
1738 293 1830 341 μοι

137 361 203 412 τά
243 379 302 427 γε
342 367 568 413 τοιαῦτα
607 368 770 413 νικᾶν
809 358 901 412 καὶ
934 361 1054 412 δεῖν
1085 358 1174 412 καὶ
1208 361 1280 428 μὴ
1314 360 1632 432 βουλομένῳ
1664 360 1829 431 πατρὶ

138 450 238 516 τὴν
276 449 540 518 τοιαύτην
580 450 796 502 διδόναι
837 448 1013 517 χάριν.
1065 447 1309 516 γινέσθω
1358 450 1427 517 δή
1478 469 1530 502 τι
1569 457 1663 518 τῆς
1702 449 1831 519 ἐμῆς

136 539 452 606 προθυμίας
497 539 697 606 ὄφελος
735 538 823 590 καὶ
864 539 937 606 μή
976 558 1070 606 μοι
1109 538 1205 599 τὰς
1245 537 1469 600 ἐλπίδας
1509 531 1593 602 αἶς
1634 540 1707 601 ὡς
1746 538 1829 592 ε’ν-

137 625 458 693 τευξόμενος
495 622 633 695 ἧκον
674 626 938 695 ἐλέγξητε,
978 623 1020 679 ὦ
1061 627 1259 695 ἄνδρες
1296 624 1594 694 Ἀθηναῖοι.

249 715 296 767 8.
339 714 486 768 Ἀλλ’
536 717 609 768 οὐ
657 717 814 769 κατὰ
860 716 974 768 τὸν
1013 717 1216 785 νόμον
1265 704 1483 784 τοῦτο,
1523 720 1683 785 φησί,
1732 721 1830 770 λε-

137 804 382 857 λύσθαι
421 802 537 871 μὲν
578 804 651 857 ὃν
694 805 768 857 οὐ
817 806 941 872 δεῖ,
991 803 1307 857 δεδέσθαι
1356 801 1423 857 δὲ
1463 804 1537 857 ὃν
1576 805 1651 858 οὐ
1697 808 1829 875 χρή.

136 891 177 943 ὣ
218 901 313 960 τῆς
361 895 658 962 δυστυχίας
703 902 802 947 τοῦ
849 896 1067 964 πατρός.
1121 891 1201 947 ἔτι
1249 899 1545 962 φθονεῖται
1591 895 1682 947 καὶ
1729 894 1830 947 οὐκ

136 980 395 1049 ἐνέπλησε
433 985 565 1045 τοὺς
604 983 888 1044 δυσκόλως
926 983 1065 1050 πρὸς
1110 983 1282 1035 αὐτὸν
1331 980 1557 1052 ἔχοντας
1595 991 1827 1037 τοσοῦτο

135 1074 350 1139 πλῆθος
397 1081 594 1125 κακῶν.
648 1075 828 1124 καίτοι
878 1074 1014 1139 πρός
1067 1091 1129 1140 γε
1183 1074 1313 1134 τοὺς
1357 1073 1691 1135 πταίσαντας
1737 1071 1827 1125 καὶ

135 1161 264 1222 τοὺς
302 1162 444 1229 ἄγαν
476 1162 766 1230 δυσμενεῖς
798 1162 860 1213 αἱ
894 1162 1175 1230 συμφοραὶ
1210 1161 1649 1214 διαλλάττουσιν.
1691 1162 1827 1214 ὥστε

133 1245 305 1317 ἔγωγε
336 1252 467 1312 τοὺς
498 1253 619 1303 τότε
649 1252 990 1319 κατηγόρους
1022 1249 1171 1321 ς’έμην
1203 1250 1459 1318 εὑρήσειν
1483 1252 1829 1319 συνηγόρους

134 1340 382 1408 τήμερον,
424 1340 475 1392 οἱ
516 1338 563 1391 δ’
612 1339 713 1407 οὐχ
755 1340 947 1391 ἰκανὸν
986 1342 1323 1407 νομίζουσιν,
1365 1340 1438 1401 ὡς
1476 1336 1628 1391 ἔστιν
1668 1340 1827 1407 ἰδεῖν,

134 1428 182 1478 εἰ
220 1427 292 1494 μὴ
334 1425 424 1479 καὶ
464 1427 756 1494 γεύσαιντο
789 1435 890 1479 τοῦ
923 1427 1182 1494 σώματος.
1223 1428 1270 1479 9.
1305 1427 1397 1479 διὰ
1428 1429 1503 1495 τίς
1542 1428 1644 1480 οὐκ
1676 1430 1828 1481 ἔστιν

135 1514 340 1577 ἐκεῖνος
380 1517 692 1583 Μιλτιάδης
731 1515 760 1568 6
802 1515 1029 1585 πέμπων
1068 1518 1146 1578 εἰς
1186 1516 1452 1585 Σπάρτην
1489 1517 1588 1569 τὸν
1633 1519 1826 1569 Φιλιπ-

132 1605 300 1673 πίδην
348 1603 465 1657 οὐδ’
523 1605 551 1658 6
597 1609 783 1658 καλῶν
831 1606 1304 1672 Λακεδαιμονίους
1350 1601 1468 1658 οὐδ’
1523 1604 1551 1657 6
1597 1607 1826 1674 μελλόν-

131 1713 241 1745 των
281 1692 489 1763 τρέχων
528 1692 647 1747 οὐδ’
692 1694 720 1747 6
761 1695 996 1764 μυρίους
1035 1695 1187 1762 ἄγων
1228 1692 1316 1746 ἐπὶ
1355 1695 1450 1756 τὰς
1488 1694 1827 1761 πεντήκοντα

131 1783 404 1851 μυριάδας
451 1781 569 1835 οὐδ’
618 1782 646 1835 6
693 1786 908 1835 πείθων
952 1780 1126 1851 μηδὲν
1172 1792 1283 1835 τῶν
1331 1784 1533 1835 δεινῶν
1583 1782 1825 1836 δεδιέναι

133 1868 250 1924 οὐδ’
299 1872 327 1924 6
367 1879 482 1934 τοῖς
535 1873 868 1940 κατηρκόσιν
923 1872 994 1934 ὡς
1049 1871 1453 1941 ἁρπασομένοις
1507 1872 1607 1939 τὴν
1659 1873 1826 1924 πόλιν

250 2009 278 2046 4
308 2001 429 2046 Plat.
454 2002 576 2047 Prot.
603 2018 647 2059 p.
676 2007 762 2046 310
779 2003 815 2045 E
943 2007 995 2045 15
1028 2003 1135 2046 Her.
1162 2002 1224 2045 VI
1251 2007 1335 2045 105
1459 2006 1513 2044 16
1547 2001 1677 2045 Corn.
1705 2001 1822 2058 Nep.

131 2060 360 2115 iant.5,1
487 2067 539 2106 17
575 2062 631 2107 εἰ
665 2066 910 2118 p.502,19

252 2185 273 2222 1
299 2181 418 2235 πρὸς
438 2181 498 2225 Vi
511 2181 578 2224 Re
607 2182 612 2238 Ι
641 2194 820 2224 comma
845 2182 952 2236 post
973 2178 1175 2239 προνοίᾳ
1199 2179 1334 2235 posui
1360 2192 1384 2222 c
1403 2181 1487 2224 Mo
1511 2193 1616 2222 cum
1642 2179 1823 2223 Sinteni

191 2239 325 2283 colon
358 2240 417 2283 Vi
476 2254 551 2284 om
580 2238 750 2296 reliqui
780 2239 890 2282 libri
923 2239 1014 2283 edd
1135 2244 1160 2281 2
1194 2245 1333 2283 νικᾶν
1365 2240 1633 2295 corruptum
1666 2242 1823 2282 censet

132 2298 288 2342 Gasda.
409 2304 434 2341 3
460 2297 662 2356 γινέσθω
689 2299 869 2355 scripsi,
886 2306 939 2342 ut
963 2297 1194 2356 γιγνέσθω
1212 2296 1286 2341 vel
1310 2296 1518 2354 γενέσθω
1544 2298 1648 2342 coni
1666 2297 1822 2341 Gasda

190 2356 400 2402 διδόσθω
431 2358 541 2401 libri
573 2357 664 2401 edd
796 2364 824 2402 4
859 2355 934 2408 αἷς
965 2357 1131 2414 scripsi
1193 2356 1249 2407 ἃς
1279 2356 1389 2401 libri
1421 2357 1511 2400 edd
1538 2361 1545 2415 Ι
1573 2357 1634 2407 ὡς
1664 2357 1713 2400 in
1746 2371 1820 2400 ras

131 2417 196 2459 L²
258 2431 334 2460 om
358 2417 516 2461 BLau
542 2419 548 2473 Ι
577 2415 900 2474 ἐντευξόμενος
931 2417 1096 2489 scripsi
1120 2429 1145 2460 e
1170 2417 1329 2460 BLau
1387 2413 1660 2472 τευξόμενος
1692 2417 1828 2460 ViLI

131 2476 222 2518 edd
344 2482 369 2518 ὑ
402 2472 517 2530 ἧκον
549 2476 714 2532 scripsi
745 2490 769 2519 e
795 2476 953 2521 BLau
1013 2474 1108 2532 ήκω
1133 2477 1165 2518 Ι
1194 2477 1240 2518 et
1270 2475 1320 2518 in
1347 2488 1423 2518 ras
1449 2475 1515 2519 L²
1538 2475 1630 2519 edd
1692 2471 1820 2519 εἶδον

140 2536 195 2578 Vi
317 2540 342 2578 6
375 2533 475 2578 ἀλλ’
503 2535 538 2578 Ι
555 2536 602 2579 et
633 2535 759 2579 inser
774 2535 840 2578 L²
901 2550 976 2579 om
1002 2535 1217 2580 ViBLau
1245 2536 1250 2591 Ι
1278 2541 1443 2579 τοῦτον
1468 2536 1514 2579 Β
1636 2539 1658 2578 7
1693 2535 1748 2578 οὐ
1759 2537 1819 2591 (1)

129 2607 205 2636 om
236 2595 451 2638 ViBLau
512 2593 762 2638 delendum
795 2597 954 2639 censet
984 2595 1053 2638 Re
1084 2593 1166 2650 qui
1199 2593 1292 2638 ἔδει
1323 2593 1562 2647 δεδέσθαι,
1594 2592 1820 2639 δεδέσθαι

130 2652 180 2697 δὲ
214 2653 316 2697 coni
440 2658 464 2696 9
489 2660 710 2698 τοσοῦτον
736 2654 793 2698 Vi
816 2653 883 2696 Re
1007 2658 1057 2696 11
1085 2653 1319 2709 δυσφοραὶ
1345 2654 1402 2697 Vi
1523 2658 1576 2695 13
1602 2651 1646 2696 οἱ
1672 2650 1716 2696 δ’
1744 2667 1818 2697 om

137 2712 196 2755 Vi
318 2718 372 2755 14
405 2712 647 2769 γεύσονται
674 2714 731 2756 Vi
755 2714 903 2769 „quod
925 2727 1078 2757 verum
1101 2713 1307 2756 videtur“
1330 2712 1493 2756 Iacobs
1523 2712 1635 2756 Lect
1661 2717 1741 2755 111
1770 2714 1820 2755 at

129 2770 186 2814 cf.
211 2786 256 2828 p.
283 2776 383 2826 516,
405 2777 456 2814 19
490 2773 537 2814 et
568 2771 630 2814 ad
661 2773 693 2815 t.
718 2771 899 2826 fvsis,
922 2778 940 2813 1
1068 2777 1121 2814 15
1155 2769 1436 2827 φιλιππίδην
1460 2772 1504 2815 L
1535 2771 1617 2815 sed
1649 2772 1738 2828 δην
1769 2770 1818 2813 in

128 2843 204 2873 ras
227 2829 299 2873 111²
420 2835 473 2874 18
498 2833 650 2875 καλῶν
675 2830 734 2875 Vi
855 2835 906 2873 19
941 2828 1276 2886 κατηρτηκόσιν
1300 2831 1343 2874 L
1375 2830 1456 2873 sed
1487 2847 1542 2886 τη
1567 2843 1683 2883 eras,
1708 2830 1819 2873 Lau

134 2887 522 2991 {fdcpwolcoocue'votg-
554 2890 611 2933 Vi
673 2889 1079 2945 ἀναρπασομένοις
1110 2887 1256 2932 Cobet
1289 2889 1456 2933 Mnem.
1489 2889 1545 2932 N.
1572 2888 1614 2931 S.
1640 2888 1703 2932 ΠΙ
1734 2894 1814 2931 151

130 2962 187 2991 e.
220 2951 253 2991 t.
301 2948 322 2991 Ι
349 2952 490 3002 165‚5

1372 3022 1462 3066 33*

1854 1094 1896 1125 10

1852 1541 1893 1573 15
