2026 3192
716 176 760 219 N
764 175 968 220 EOCLIS
1002 175 1228 220 ORATIO
1711 176 1821 228 465

121 313 336 383 ἀρετήν.
418 313 500 365 13.
547 313 786 378 τούτων,
834 308 876 364 ὦ
919 313 1118 380 ἄνδρες
1158 313 1435 380 δικασταί,
1475 311 1822 382 γιγνομένων

121 403 321 456 πολλοί
372 415 466 471 μοι
521 403 843 466 προσιόντες
898 399 987 453 καὶ
1043 382 1186 453 τῶν.
1210 401 1524 469 ἀναγκαίων
1569 399 1660 454 καὶ
1711 411 1824 454 τῶν

121 491 446 559 ἐπιτηδείων
486 488 660 558 εὖγε,
700 487 742 543 ὦ
778 491 1118 555 Νεόκλεις,
1157 487 1363 558 ἔλεγον.
1404 495 1611 552 καλῶς
1651 486 1823 552 εἶδες

121 580 284 632 ὅθεν
324 579 402 632 ἃν
457 578 958 648 ἐπανορθωσαις
1006 579 1120 631 τὸν
1157 580 1320 631 υἱόν.
1377 581 1470 640 εἰς
1510 578 1686 646 δέον,
1741 579 1823 641 ὡς

119 666 317 735 ἔοικε,
380 669 588 721 πάντα
651 667 869 720 ἐκεῖνά
932 682 1035 720 σοι
1097 666 1475 736 πέπρακται.
1538 667 1822 735 μεγάλας
1869 689 1889 721 5

121 758 486 827 φροντίδας
525 759 618 819 εἰς
657 757 770 809 τὸν
809 763 971 808 νοῦν
1007 755 1363 825 ἐμβέβληκε
1403 755 1508 808 καὶ
1547 755 1821 824 προσδέ-

119 843 299 916 χεται
344 848 614 913 κίνησιν
654 846 994 912 Περσικὴν
1031 843 1136 898 καὶ
1176 854 1309 907 πῶς
1349 845 1428 898 ἂν
1465 846 1582 914 τὴν
1619 860 1820 915 προσ-

119 936 325 1003 βολὴν
403 935 893 1003 ἀποκρούσαιτο
973 944 1217 987 σκοπεῖ.
1331 934 1413 986 14.
1483 933 1573 987 καὶ
1651 942 1822 986 ταῦτα

121 1024 342 1077 ἀκούων
397 1023 609 1093 ἡδόμην
663 1043 719 1076 τε
774 1021 863 1075 καὶ
919 1032 1030 1075 τῶν
1085 1022 1327 1076 ἐλπίδων
1382 1025 1459 1085 εἰς
1510 1024 1673 1076 λύσιν
1727 1031 1822 1091 τῆς

121 1112 506 1182 ἀποκηρύξεως
544 1111 815 1180 ἀνέμενον
853 1113 914 1164 τὸ
955 1111 1123 1174 τέλος.
1166 1111 1194 1164 ὃ
1235 1116 1412 1174 καλῶς
1450 1120 1652 1165 ποιοῦν
1687 1112 1819 1180 ἥκει.
1846 1135 1888 1166 10

120 1202 288 1271 μέγας
327 1202 475 1271 ἡμῖν,
516 1197 558 1254 ὦ
600 1202 799 1269 ἄνδρες
838 1200 1141 1270 Ἀθηναῖοι,
1186 1205 1557 1270 Θεμιστοκλῆς
1596 1200 1658 1254 ἐν
1688 1204 1820 1269 βου-

119 1295 257 1359 λαῖς,
298 1291 358 1344 ἐν
397 1288 613 1360 ἔργοις,
654 1289 715 1342 ἐν
754 1291 963 1358 λόγοις,
1004 1289 1066 1343 ἐν
1105 1290 1319 1358 ὅπλοις,
1368 1288 1430 1343 ἐν
1475 1299 1570 1360 γῇ,
1616 1288 1678 1343 ἐν
1716 1295 1820 1343 θα-

122 1381 310 1450 λάττῃ,
359 1379 420 1433 ἐν
466 1388 581 1440 τοῖς
621 1378 911 1447 “Ελλησιν,
962 1378 1022 1432 ἐν
1068 1389 1183 1442 τοῖς
1230 1379 1544 1449 βαρβάροις.
1595 1377 1687 1432 καὶ
1728 1380 1820 1432 διὰ

119 1470 220 1539 τὴν
265 1469 469 1522 τούτου
515 1469 744 1536 γνώμην
791 1461 874 1530 οἷς
920 1468 1345 1537 ἠκολουθοῦμεν
1396 1469 1645 1537 ἡγεμόσι,
1692 1468 1818 1522 τού-

118 1578 230 1611 των
268 1560 593 1627 πεφήναμεν
632 1558 897 1624 βελτίους.
945 1559 1131 1610 λύεται
1180 1558 1246 1626 δὴ
1287 1559 1419 1624 μετὰ
1459 1567 1572 1610 τῶν
1610 1566 1818 1611 κοινῶν
1842 1579 1884 1611 15

120 1649 315 1715 φόβων
353 1645 439 1699 καὶ
482 1655 577 1715 τῆς
617 1645 1000 1715 ἀποκηρύξεως
1039 1645 1072 1714 ἡ
1114 1656 1317 1714 γνῶσις
1363 1645 1455 1699 καὶ
1503 1647 1564 1699 τὸ
1605 1648 1749 1709 εἰκὸς
1788 1646 1816 1700 ὁ

119 1736 309 1803 καιρὸς
364 1736 642 1804 λαμβάνει.
701 1736 882 1803 ὥσπερ
938 1737 1043 1805 γὰρ
1098 1737 1370 1805 πρότερον
1424 1734 1653 1788 ἐκείνων
1706 1732 1817 1788 ἔδει

119 1834 229 1877 τῶν
290 1832 493 1877 τοῦτον
549 1823 555 1894 Ι
614 1825 1110 1894 σωφρονιούντων,
1175 1824 1318 1877 οὕτω
1378 1832 1486 1878 νῦν
1540 1832 1635 1893 τῆς
1682 1829 1803 1872 RIV
1820 1834 1905 1874 378

119 1913 314 1982 ἀρετῆς
346 1913 842 1982 ἀνωμολογημένης
874 1919 1193 1966 πεπαῦσθαι
1236 1914 1336 1982 χρὴ
1370 1921 1541 1966 ταῦτα
1574 1908 1654 1966 ὧν
1684 1916 1816 1983 πρό-

119 2021 282 2071 τερον
322 2003 448 2055 ἔδει.
1841 2025 1883 2056 20

235 2090 318 2143 15.
374 2087 515 2144 Ἀλλ’
563 2091 636 2144 οὐ
692 2092 1019 2159 βούλομαί
1063 2107 1249 2159 φησιν.
1307 2091 1443 2144 ἀλλά
1491 2092 1814 2159 βουλήθητι.

119 2180 180 2232 τὸ
221 2181 325 2247 γὰρ
368 2179 586 2232 ἐθέλειν
625 2181 877 2247 ἄμεινον,
924 2177 1065 2232 ἔνθα
1114 2179 1183 2232 ἂν
1222 2174 1255 2250 ᾗ
1294 2182 1356 2233 τὸ
1396 2181 1468 2248 μὴ
1509 2180 1816 2248 βούλεσθαι

239 2360 264 2398 3
298 2354 417 2398 Plat.
451 2355 588 2411 Gorg.
621 2370 666 2411 p.
692 2359 778 2398 494
798 2354 830 2398 C
956 2361 1009 2398 14
1041 2355 1184 2399 Thuo.
1210 2355 1230 2398 Ι
1264 2360 1318 2398 94
1337 2370 1402 2410 sq.

241 2523 262 2560 1
298 2517 557 2575 γινομένων
589 2519 621 2561 I
737 2524 762 2560 3
798 2517 1024 2568 νικόκλεις
1057 2519 1088 2561 Ι
1109 2519 1115 2575 l
1144 2514 1232 2562 εἶδ’
1267 2519 1305 2563 0
1422 2524 1449 2562 4
1482 2518 1524 2562 εἰ
1557 2518 1646 2561 Μα
1678 2518 1757 2560 sed
1792 2535 1815 2569 ς

119 2575 214 2619 add
244 2577 314 2619 m⁶
435 2582 460 2620 6
495 2575 767 2635 ἐμβέβληται
802 2578 927 2622 CMa
1048 2581 1074 2620 8
1108 2575 1293 2633 κίνησιν
1328 2578 1364 2621 C
1404 2580 1410 2634 Ι
1446 2578 1526 2621 καὶ
1556 2584 1751 2620 τοιαῦτα
1783 2575 1813 2620 ἃ

119 2635 306 2680 ἀκούων
347 2637 451 2680 coni
484 2636 549 2679 Re
696 2640 748 2679 10
792 2643 962 2680 ποιοῦν
993 2637 1102 2681 Lau
1142 2637 1223 2680 sed
1263 2651 1411 2680 ποιων
1450 2636 1500 2679 in
1539 2650 1672 2692 marg

122 2698 176 2737 12
209 2696 260 2739 ἐν
292 2693 452 2747 ὅπλοις
484 2695 533 2739 ἐν
565 2693 718 2751 λόγοις
750 2695 839 2740 Μα
871 2695 951 2739 sed
985 2695 1035 2740 ἐν
1058 2694 1212 2752 λόγοις
1237 2695 1285 2739 ἐν
1311 2692 1470 2747 ὅπλοις
1500 2709 1602 2754 corr
1624 2695 1694 2739 m'

123 2758 176 2796 13
207 2760 305 2806 τοῖς
336 2754 408 2798 bis
441 2768 516 2798 om
541 2756 576 2798 I
715 2760 767 2797 14
806 2755 1039 2814 wbvwvss
1071 2755 1238 2799 τούτου
1278 2768 1379 2798 corr
1403 2755 1511 2799 Lau
1540 2780 1544 2786 ·
1658 2759 1710 2796 15
1751 2752 1810 2810 δὴ

119 2811 285 2868 scripsi
317 2827 342 2857 e
379 2814 513 2857 MaB
575 2812 626 2857 δὲ
657 2812 828 2869 reliqui
858 2813 969 2857 libri
1002 2814 1093 2857 edd
1216 2817 1270 2857 18
1301 2812 1514 2858 τοιοῦτον
1544 2814 1638 2858 ’Μα
1675 2814 1681 2869 Ι
1725 2825 1810 2856 σω-

119 2872 440 2926 φρονιούντων
473 2872 637 2928 scripsi
670 2885 775 2915 cum
807 2871 981 2916 Cobeto
1013 2871 1224 2916 0011293
1302 2872 1671 2928 σωφρονούντων
1702 2871 1812 2915 libri

119 2929 211 2973 edd
273 2928 653 2987 σωφρονιζόντων
685 2930 842 2974 Gasda.
868 2934 874 2987 Ι
904 2929 1048 2982 οὕτως
1078 2933 1129 2976 ἐν
1158 2938 1255 2982 τοῖς
1289 2931 1376 2975 Μα
1497 2936 1551 2974 21
1594 2930 1691 2987 φὴσ
1724 2931 1811 2975 Ma

240 2994 295 3033 22
327 2989 387 3046 μὴ
420 3004 495 3034 om
528 2990 615 3034 Ma

210 3071 406 3104 Lnumus
431 3072 488 3104 ed.
513 3072 750 3104 Foernter.
775 3073 821 3104 V.
1397 3067 1454 3106 30
