2026 3192
454 125 726 170 ACHILLIS
762 125 841 169 AD
875 125 1110 169 ULIXEM
1140 124 1474 169 ANTILOGIA
1683 125 1790 177 297

89 267 288 330 Papae
330 265 578 315 Cretensis
620 266 892 315 sacerdotis
934 281 1135 314 munere
1179 265 1402 314 Venetiis
1454 266 1615 313 functi
1665 267 1794 313 teste

91 341 413 403 inscriptione
453 340 563 388 folii
608 340 815 402 praefixi
858 336 889 403 ἡ
930 346 1158 404 παροῦσα
1204 339 1374 403 βίβλος
1421 339 1661 404 γεωργίου
1706 346 1795 388 τοῦ

89 414 228 463 παπά
259 412 389 463 ἔστιν
405 409 461 481 ¹),
491 415 577 476 qui
602 416 823 463 continet

201 489 286 538 fol.
322 492 348 537 1
402 488 682 553 λιβανίου
724 482 847 554 (add
877 482 973 554 m2)
1009 481 1452 553 Ἀντιρρητικὸς
1499 487 1645 552 πρὸς
1691 486 1795 536 τὸν

90 560 434 629 ἀριστείδου
476 558 746 611 ὀδυσσέα.
808 562 1021 610 Adiecta
1053 565 1127 610 est
1158 562 1211 610 in
1242 561 1467 626 margine
1508 562 1609 609 alia
1639 578 1795 609 manu

89 639 250 685 versio
282 637 441 684 latina
467 653 594 698 quae
624 636 827 699 incipit:
862 636 1067 698 Quando
1090 637 1312 696 primum
1334 650 1419 684 vos
1442 637 1560 692 vidi,
1585 636 1671 684 sed
1694 636 1794 683 iam

89 713 142 758 in
173 711 294 759 folio
329 713 387 758 ὃ17
418 710 611 759 desinit.

204 786 300 833 20v
330 782 619 849 ἀφαιρεθεὶς
661 782 880 849 ἀχιλλεὺς
918 791 1005 848 τῆς
1044 784 1302 848 βρισηίδος
1349 782 1428 832 ἐπὶ
1474 782 1566 847 τὴν
1605 782 1795 832 οἰκείαν

94 859 230 924 διῆγε
264 857 455 922 σκηνὴν
489 855 800 923 ὠργισμένος.
832 858 1149 923 πρεσβεύεται
1171 857 1295 922 πρὸς
1319 857 1471 907 αὐτὸν
1495 855 1796 923 ἀγαμέμνων

0 978 2 982 .
91 930 208 996 μετὰ
246 933 485 982 πλείστων
531 931 624 996 τὴν
662 932 818 998 κόρην
857 930 1131 991 ἀποδιδοὺς
1178 932 1353 998 δώρων
1391 935 1475 981 κτλ
1508 927 1602 998 (IV
1637 933 1707 981 80
1725 926 1793 998 R)

91 1023 203 1056 cum
232 1007 534 1068 protheoria.
597 1007 690 1055 Est
723 1007 939 1055 Choricii
972 1001 1042 1074 (p.
1078 1009 1183 1055 239
1205 1023 1275 1069 sq.
1309 1006 1380 1055 ed.
1415 1001 1598 1072 Boiss.)

206 1082 273 1130 38
313 1080 380 1130 Οἱ
406 1081 715 1129 ποτιδαιάται
746 1079 968 1144 ἀλλήλων
999 1079 1257 1146 ἐγεύσαντο
1291 1076 1424 1148 (348
1443 1074 1511 1147 R)

204 1157 274 1205 54
306 1154 462 1219 νόμος
485 1152 583 1203 ἐστὶ
607 1154 693 1204 τὸν
716 1153 923 1220 εὑρόντα
949 1154 1212 1221 θησαυρὸν
1243 1155 1397 1220 χιλίας
1428 1153 1565 1204 πόλει
1598 1153 1795 1204 διδόναι

5 1252 30 1299 1
94 1227 311 1294 δραχμὰς
345 1223 503 1296 (198)

209 1305 279 1351 64
313 1302 551 1362 δύσκολος
583 1303 731 1352 λάλον
762 1302 924 1368 γήμας
954 1307 1168 1369 γυναῖκα
1200 1297 1359 1370 (134)

209 1380 274 1425 72
310 1375 511 1427 διέσωσέ
541 1396 613 1436 τις
644 1376 935 1441 ἐμπρησμοῦ
968 1394 1079 1426 cum
1111 1378 1398 1440 protheoria
1432 1372 1588 1444 (740)

208 1446 331 1518 93²)
364 1451 517 1515 νόμος
558 1450 611 1500 ἐν
649 1451 966 1516 λακεδαίμονι
1003 1450 1089 1500 τὸν
1128 1451 1243 1501 εἴσω
1281 1451 1539 1516 τριάκοντα
1571 1449 1692 1500 ἐτῶν
1725 1450 1793 1515 μὴ

94 1526 395 1591 δημηγορεῖν
426 1520 586 1593 (420)
619 1542 731 1574 cum
763 1527 986 1574 versione
1026 1527 1187 1574 latina
1227 1542 1354 1588 quae
1397 1527 1598 1588 incipit:
1640 1526 1795 1587 Apud

92 1601 504 1649 Lacedaemonios
537 1604 641 1649 erat
670 1593 798 1666 lexss)

209 1675 341 1723 108v
372 1673 596 1739 αἰσχίνου
628 1673 836 1740 ῥήτορος
864 1672 977 1738 περὶ
1007 1674 1523 1739 τῆς-παραπρεσβείας

209 1750 313 1797 142
363 1747 690 1813 εἰσοκράτους.
751 1749 853 1797 Inc.
907 1748 974 1797 Οἵ
1017 1747 1105 1812 μὲν
1151 1748 1384 1807 εἰωθότες
1428 1749 1482 1796 id
1528 1751 1604 1797 est
1647 1748 1793 1812 [πρὸς

94 1817 388 1887 Νικοκλέα]
1338 1837 1350 1850 ·

210 1905 341 1952 149v
379 1902 717 1969 εἰσοκράτους·
772 1904 874 1952 Inc.
914 1903 1012 1953 εἰσί
1054 1922 1181 1963 τινες
1228 1906 1278 1953 οἳ
1322 1903 1573 1963 δυσκόλως
1617 1904 1671 1953 id
1718 1909 1795 1952 est

94 1977 333 2026 Nicocles.

167 2051 369 2114 Inspexi
400 2054 450 2099 et
480 2068 506 2100 e
537 2054 680 2114 parte
713 2053 900 2101 contuli
932 2068 1060 2101 anno
1096 2053 1254 2102 1869.

158 2199 188 2246 d
206 2126 371 2187 Atque
403 2126 563 2174 eidem
585 2127 754 2189 generi
779 2128 1005 2188 quamvis
1029 2128 1180 2175 titulo
1203 2127 1375 2190 privus
1397 2126 1688 2175 tribuendus
1717 2131 1794 2174 est

98 2214 154 2247 co
191 2216 249 2247 ex

209 2281 292 2330 60.
325 2281 755 2330 Ambrosianus
788 2282 829 2329 E
857 2283 924 2330 92
959 2297 1067 2344 sup.
1092 2297 1214 2332 saec.
1241 2281 1468 2347 XIVsXV
1493 2281 1576 2330 fol.
1604 2282 1671 2330 57
1707 2283 1790 2344 qui

94 2370 296 2415 prorsus
336 2371 447 2404 cum
476 2355 812 2405 Laurentiano
844 2355 987 2403 LVII
1011 2358 1079 2405 23
1114 2350 1185 2422 (p.
1221 2358 1324 2404 296
1359 2373 1405 2403 n.
1432 2349 1527 2422 56)
1561 2357 1791 2405 concinit.

96 2427 282 2491 Incipit
312 2430 507 2477 demum
539 2445 569 2477 a
600 2430 763 2480 verbis
794 2427 828 2494 ἢ
861 2430 1024 2494 μεῖζον
1055 2422 1127 2478 ὧν
1165 2428 1258 2479 οὐκ
1289 2426 1493 2493 ἄμεινον
1522 2446 1570 2492 p.
1602 2431 1724 2490 326,
1744 2434 1790 2478 5.

96 2501 223 2551 Vide
255 2518 407 2566 supra
436 2520 484 2566 p.
513 2504 616 2552 178
632 2519 703 2567 sq.

172 2579 222 2624 et
251 2577 461 2627 fortasse
493 2577 651 2625 tribui
688 2580 911 2640 possunt,
944 2579 1062 2640 quia
1093 2578 1278 2627 similes
1310 2580 1427 2626 sunt

219 2763 260 2818 1)
294 2760 361 2805 Cf.
385 2761 747 2830 inscriptionem
778 2761 952 2808 codicis
983 2762 1281 2807 Ambrosiani
1311 2762 1349 2806 B
1377 2767 1475 2809 101.

218 2822 263 2876 2)
294 2820 429 2865 Folia
461 2825 515 2866 91
549 2822 597 2865 et
628 2825 682 2864 92
714 2835 864 2865 vacua
895 2823 1016 2866 sunt.
1530 2824 1533 2826 ’

219 2881 262 2935 3)
301 2879 502 2924 Videtur
543 2893 642 2925 esse
684 2881 833 2925 versio
875 2880 1005 2925 facta.
1045 2894 1073 2924 a
1110 2880 1425 2925 Benedicto
1464 2881 1654 2924 Bursa.
1719 2878 1789 2924 Cf.

100 2937 355 2983 Francesco
387 2940 677 2984 Zambeccari
704 2954 750 2996 p.
778 2944 862 2983 326
881 2954 947 2995 sq.
