2026 3192
726 122 976 167 TIMONIS
1009 122 1234 168 ORATIO
1712 123 1823 176 563

132 279 246 327 την.
287 259 409 312 ἀντὶ
450 267 694 328 σκηπτοῦ
740 279 894 322 τινος
939 260 1028 311 καὶ
1078 263 1275 328 λοιμοῦ
1322 258 1413 312 καὶ
1452 262 1612 322 θείας
1657 273 1827 327 προσ-

131 351 300 416 βολῆς
331 349 541 417 ὅφθητι
573 354 649 419 τῷ
682 357 794 400 τῶν
826 347 1143 418 ἀνθρώπων
1175 347 1339 416 γένει.
1380 348 1466 401 51.
1494 348 1730 401 δύνασαι
1764 348 1826 401 δὲ

133 436 358 504 ἀρκέσαι
380 438 517 507 πρὸς
540 439 641 504 τὴν
670 435 675 509 Ι
704 440 951 504 Τίμωνος
976 436 1293 504 ἐπιθυμίαν.
1320 437 1650 506 στοχάζομαί
1692 442 1812 486 RIV
1831 445 1913 485 197

133 541 234 578 σου
288 534 384 594 τῆς
436 529 728 589 πολιτείας.
783 527 884 594 τὴν
939 527 1114 595 φύσιν
1165 525 1510 594 ἐπιγινώσκω
1558 527 1659 595 τὴν
1706 528 1827 594 σήν,

123 613 449 683 Ἀλκιβιάδη.
504 617 664 684 μείζω
713 625 942 684 φρονεῖς
988 624 1099 668 τῶν
1149 617 1351 684 νόμων.
1406 617 1672 683 ταπεινὴν
1720 614 1826 685 ἡγῇ
1874 635 1893 668 5

131 706 234 772 τὴν
266 705 639 773 δημοκρατίαν
670 705 761 757 καὶ
793 706 924 766 τοὺς
954 706 1160 773 νόμους
1190 700 1291 757 τοῦ
1318 707 1599 771 Σόλωνος,
1631 704 1829 773 μικρὸν

136 791 409 860 Περικλέα
447 791 537 845 καὶ
578 797 800 861 φαῦλον
832 794 1070 862 νομίζεις
1101 794 1162 846 τὸ
1192 792 1627 862 Θεμιστοκλέους
1656 793 1829 859 παρά-

134 883 348 949 δειγμα,
380 883 482 950 τὴν
513 880 818 951 ἀκρόπολιν
849 890 1141 951 περινοεῖς,
1181 882 1281 934 τὸν
1314 885 1478 950 ζῆλον
1509 883 1660 949 ἄγεις
1693 883 1830 950 πρὸς

134 973 558 1038 Πεισίστρατον,
598 971 931 1040 τυραννίδος
970 969 1200 1039 ἐραστὴς
1238 972 1544 1039 τυγχάνεις.
1585 972 1681 1032 τὰς
1720 973 1830 1022 Λα-

133 1060 502 1127 κεδαιμονίων
541 1058 851 1129 περιμένεις
890 1060 1158 1127 εἰσβολάς.
1221 1059 1307 1112 52.
1352 1059 1491 1113 ἀλλὰ
1529 1060 1729 1129 μικρὸν
1767 1060 1828 1111 τὸ
1853 1080 1898 1113 1⁰

133 1146 428 1215 ἐνθύμημα
467 1150 599 1216 μιάν
633 1147 895 1201 ἀπολέσαι
927 1150 1108 1216 πόλιν,
1148 1147 1245 1201 ἕνα
1278 1150 1605 1217 διαφθεῖραι
1639 1149 1831 1217 δῆμον,

135 1239 206 1289 σὺ
263 1234 324 1289 δὲ
382 1236 468 1289 ἐπὶ
521 1237 623 1305 τὴν
678 1240 1012 1306 στρατηγίαν
1065 1238 1365 1307 παρελθὼν
1426 1237 1515 1290 καὶ
1572 1239 1831 1305 τριήρων,

135 1326 338 1393 ὅπλων,
369 1327 707 1394 καταλόγων,
742 1325 970 1393 ἱππέων,
1001 1327 1292 1395 χρημάτων
1321 1328 1590 1389 καταστὰς
1620 1326 1831 1394 κύριος,

136 1415 421 1481 δυνάμεως
473 1415 768 1482 τοσαύτης,
823 1418 1155 1484 συμμαχίας,
1210 1423 1305 1484 τῆς
1359 1417 1494 1468 κατὰ
1548 1416 1832 1468 θάλατταν

137 1503 304 1572 ἀρχῆς
351 1505 487 1556 κατὰ
532 1504 756 1556 πάντων
803 1503 1121 1573 ἀνθρώπων
1175 1506 1385 1572 ὄφθητι
1440 1512 1696 1572 γενναῖος
1741 1501 1831 1555 καὶ
1857 1523 1898 1558 15

135 1593 276 1659 πρὸς
329 1593 572 1655 ἅπαντας
625 1593 1038 1662 μισάνθρωπος.
1101 1592 1186 1646 53.
1242 1596 1316 1662 μή
1370 1613 1464 1662 μοι
1518 1591 1674 1662 μέχρι
1722 1601 1834 1644 τῶν

136 1682 285 1748 ὅρων
331 1689 426 1750 τῆς
459 1679 723 1744 Ἑλλάδος
769 1682 866 1744 τὰς
910 1681 1132 1751 πράξεις
1183 1682 1322 1750 μηδὲ
1369 1687 1497 1734 εἴσω
1546 1685 1833 1735 Πελοπον-

135 1772 312 1838 νήσου
344 1771 445 1838 τὴν
472 1769 822 1838 Ἀλκιβιάδου
852 1769 1147 1840 καθείρξῃς
1178 1771 1525 1823 δυναστείαν.
1565 1767 1704 1839 ὑπὲρ
1734 1770 1834 1823 τὸν

137 1860 378 1927 Αἰγαῖον
409 1861 634 1926 πόντον,
658 1857 798 1929 ὑπὲρ
832 1860 930 1912 τὸν
949 1857 1164 1927 Ἰόνιον,
1183 1858 1511 1928 Ἀλκιβιάδη,
1537 1869 1680 1912 νεῶν
1713 1861 1833 1912 στό-

138 1951 238 2000 λον
278 1946 562 2015 ἐξαγαγεῖν
599 1947 725 2016 <ἐπὶ
764 1949 866 2018 τὴν
903 1947 1029 2015 ἕω),
1069 1946 1156 2001 ἐπὶ
1196 1949 1297 2017 τὴν
1338 1946 1588 2016 ἑσπέραν.
1627 1935 1833 2010 πολλὰς
1857 1971 1900 2003 80

260 2114 281 2151 1
315 2108 426 2153 Luc.
457 2108 575 2152 Tim.
608 2113 634 2162 ξ
660 2113 713 2152 37
853 2113 879 2151 8
915 2108 1021 2152 Her.
1047 2108 1067 2151 I
1092 2113 1220 2164 59,4.
1269 2107 1412 2151 Thuc.
1439 2108 1458 2151 I
1486 2112 1583 2161 126,
1603 2112 1643 2151 3.
1692 2107 1832 2151 Arist.

138 2181 236 2211 ran.
271 2171 356 2211 958
482 2173 534 2211 19
569 2167 626 2212 cf.
659 2183 703 2224 p.
734 2173 803 2223 92,
825 2172 878 2211 10

921 2315 995 2359 ,δὲ

261 2350 282 2387 1
316 2347 449 2401 λιμοῦ
484 2346 702 2390 VaMaOl
823 2350 848 2388 2
881 2362 968 2402 γαρ
1020 2345 1070 2388 D
1199 2350 1226 2388 4
1258 2349 1338 2400 τῆς
1375 2343 1610 2396 πολιτείας
1646 2345 1834 2402 reposui

140 2417 164 2447 e
196 2403 330 2447 libris
362 2406 416 2447 ut
447 2405 551 2448 coni
583 2405 652 2448 Re
713 2403 799 2461 τὴν
830 2403 1068 2448 πολιτείαν
1102 2403 1191 2447 edd
1315 2408 1339 2446 6
1373 2410 1508 2460 ποιῆι
1531 2406 1640 2461 post
1663 2405 1836 2461 νόμους

143 2463 216 2518 Cr,
246 2469 358 2519 ποιῆ
386 2463 541 2508 HBOl
573 2464 655 2507 sed
686 2463 735 2507 in
767 2463 855 2507 hoc
887 2469 915 2519 ῆ
948 2463 997 2538 in
1034 2476 1109 2507 ras
1142 2462 1225 2518 ω’,
1263 2470 1393 2507 ποιεῖ
1422 2463 1491 2507 Va
1532 2464 1614 2508 sed
1646 2480 1686 2509 ει
1724 2466 1773 2508 in
1804 2481 1832 2522 η

141 2595 243 2625 corr
266 2580 349 2636 m’,
375 2580 426 2626 ἐν
442 2582 613 2665 βραχεῖ
634 2589 763 2626 ποιεῖ
784 2583 834 2626 D
861 2583 867 2637 Ι
889 2538 998 2626 ξΐβς
1011 2582 1079 2625 Va
1139 2581 1248 2631 τοὺς
1270 2581 1413 2625 ΒΜα
1439 2582 1522 2651 secl
1552 2582 1601 2626 in
1633 2582 1720 2626 hoc
1750 2589 1833 2627 τοῦ

138 2653 359 2696 suprascr
389 2655 437 2683 m
596 2645 619 2683 7
652 2640 921 2696 περικλέους
948 2641 1067 2686 CrH
1198 2644 1223 2681 9
1255 2653 1367 2684 voce
1397 2655 1720 2697 πεισιστρατον
1753 2642 1833 2685 des

151 2700 218 2743 Va
342 2705 393 2743 11
428 2697 541 2755 μίαν
566 2701 654 2744 Μα
687 2700 769 2743 scd
801 2717 832 2756 μ
862 2700 909 2743 in
934 2713 1012 2742 ras
1035 2698 1106 2742 m⁸
1132 2701 1139 2756 Ι
1165 2700 1392 2755 punctum
1424 2700 1559 2756 posui
1622 2701 1756 2745 colon
1783 2702 1834 2745 ΟΖ

201 2758 387 2814 signum
416 2759 799 2816 interrogationis
831 2757 1001 2814 reliqui
1033 2757 1142 2800 libri
1174 2757 1266 2801 edd
1405 2763 1458 2801 12
1490 2757 1539 2810 δ’μ
1566 2761 1625 2804 H
1667 2762 1673 2816 Ι
1722 2775 1834 2814 προ-

142 2818 295 2861 ελθὼν
314 2818 434 2862 CrH
453 2821 459 2869 Ι
486 2825 686 2874 τριηρῶν
707 2818 761 2862 Ol
883 2823 936 2861 16
961 2815 1142 2868 πάντας
1158 2817 1208 2861 D
1331 2821 1383 2861 17
1409 2817 1469 2873 μὴ
1496 2818 1547 2863 δὲ
1564 2819 1715 2863 ΗΒΒ

145 2879 197 2918 19
231 2875 386 2933 αἴγιον
411 2877 470 2920 H
489 2879 496 2933 Ι
524 2876 685 2921 ἰώνιον
712 2876 856 2921 MaGl
884 2879 890 2932 Ι
917 2874 1173 2935 Ἀλκιβιάδη
1199 2875 1365 2932 scripsi
1426 2877 1702 2936 ἀλκιβιάδης
1723 2877 1833 2920 libri

142 2935 232 2978 edd
261 2938 268 2991 Ι
296 2942 415 2980 νεῶν
448 2935 613 2992 scripsi
682 2933 767 2980 οὖν
798 2934 908 2979 libri
970 2949 1045 2979 om
1077 2935 1168 2979 edd
1305 2939 1361 2979 20
1395 2934 1637 2994 ἐξαγαγεῖν
1670 2936 1833 2993 scripsi

1386 3009 1476 3053 36*
