2026 3192
251 154 357 206 194
714 153 943 198 LIBANII
971 152 1362 197 DECLAMATIO
1397 153 1459 196 ΠΙ

247 295 440 343 cellario
471 294 790 342 illustrissimi
812 292 1103 342 Archidacis
1127 291 1362 342 Austriae
1394 296 1437 341 et
1466 296 1546 341 cet.
1569 293 1785 354 Philippi
1812 294 1934 344 Gon-

244 368 436 417 siliario
481 367 696 417 Salutem
741 369 813 417 Pl.
853 367 988 416 Dicit
1032 368 1279 416 Erasmus
1324 368 1614 416 Desiderius
1661 366 1936 416 Canonicns

245 443 433 491 ordinis
464 443 585 491 Divi
615 440 895 503 Aaynstini.
927 442 983 489 In
1027 442 1124 489 fine
1158 438 1253 507 (fol
1278 436 1391 508 26¹)
1424 444 1586 490 exstat
1616 441 1935 504 subscriptio:

244 518 392 565 Finis
430 518 793 565 declamationis
823 516 1030 565 Libanii
1067 517 1306 576 sophistae
1345 531 1368 563 c
1402 515 1587 565 Graeco
1629 530 1844 564 sermone
1880 518 1936 564 im

244 591 485 640 Latinam
532 604 787 638 conversae
831 591 1047 639 Erasmo
1094 590 1350 638 Desiderio
1400 589 1640 638 Canonico
1681 591 1781 639 ord.
1814 591 1936 638 Divi

245 665 370 714 Aur.
395 662 662 725 Aayilstifni
693 667 777 724 qni
807 665 986 713 dicitwr
1015 666 1268 724 interprete
1300 679 1344 712 a.
1372 678 1410 712 8.
1442 665 1610 713 milles.
1643 666 1933 725 quinqentes.

245 741 388 787 tercio
417 753 580 787 mense
608 739 874 787 novembre.

355 813 415 861 In
446 813 567 861 folio
603 815 668 860 27
704 814 931 874 sequitur
961 812 1232 874 praemisso
1263 812 1414 860 titulo
1447 828 1622 875 graeco

361 886 509 945 Τίνας
532 884 594 934 ἂν
618 886 747 935 εἴποι
770 885 947 952 λόγους
971 885 1176 948 Μήδεια
1202 884 1440 949 μέλλουσα
1463 883 1793 949 ἀποσφάττειν
1819 884 1935 945 τοὺς

244 958 421 1025 ἑαυτῆς
451 960 632 1019 παῖδας
662 962 823 1010 versio
854 961 1016 1009 latina
1047 961 1335 1023 ethopoeiae

356 1038 407 1083 et
437 1035 521 1084 fol.
556 1036 624 1083 32
660 1035 795 1095 Quae
825 1035 1003 1083 dimerit
1031 1033 1372 1083 Andromache
1402 1037 1646 1096 interfecto
1677 1035 1896 1082 Hectore.

356 1109 540 1156 Textus
571 1124 775 1173 graecus
807 1109 1037 1157 succedit.

354 1184 437 1232 fol.
474 1184 540 1231 35
578 1181 809 1246 Μελέτη
843 1182 1143 1247 Λιβανίου
1177 1190 1467 1245 σοφιστοῦ

346 1256 415 1305 Εἰ
462 1254 551 1321 μὲν
600 1255 826 1321 ἐβούλετο
877 1253 1185 1323 ἀλέξανδρος.
1263 1258 1459 1306 Desinit
1504 1259 1557 1304 in
1603 1257 1723 1304 folio
1767 1259 1835 1305 49
1885 1259 1936 1305 et

244 1333 469 1393 sequitur
515 1331 835 1393 subscriptio:
885 1333 987 1379 Τοῦ
1025 1331 1276 1396 Λιβανίου
1324 1337 1563 1393 σοφιστοῦ
1609 1337 1694 1394 τῆς
1738 1329 1934 1394 μελέτης

243 1402 394 1464 τέλος·
421 1406 514 1453 σὺν
531 1409 654 1454 θεῶ·
682 1404 855 1470 Ἀρχὴν
879 1402 1111 1454 ἁπάντων
1133 1403 1216 1453 καὶ
1239 1403 1372 1464 τέλος
1395 1411 1543 1453 ποιοῦ
1567 1403 1702 1453 θεόν.
1724 1403 1729 1470 1
1749 1399 1929 1470 ἀρκεῐτ’

243 1478 296 1528 ἐν
329 1478 552 1545 μεγάλοις
582 1478 665 1528 καὶ
695 1477 748 1528 τὸ
780 1477 975 1542 θέλημα
1008 1478 1174 1543 μόνον.
1207 1478 1426 1545 ἔρρωσθε

358 1555 427 1602 50
458 1547 613 1618 Εἶχον
644 1551 738 1620 ἄρα
767 1554 799 1602 i.
827 1569 866 1601 e
900 1553 1105 1616 Μήδεια
1139 1547 1219 1621 (=
1248 1555 1388 1602 1009
1407 1548 1474 1619 R)

358 1628 453 1676 54γ
503 1627 652 1685 Τίνας
706 1624 769 1675 ἀν
822 1626 951 1676 εἴποι
1005 1627 1182 1693 λόγους
1232 1621 1540 1692 Ἀνδρομάχη
1587 1625 1935 1692 ἀναιρεθέντος

228 1688 466 1766 ’Ἑκήτορος
499 1695 579 1767 (=
608 1704 745 1750 1011
768 1694 848 1767 R).

355 1776 446 1823 Est
479 1776 730 1837 exemplar
759 1776 969 1824 Nicolao
1001 1777 1208 1824 Ruterio
1241 1776 1303 1823 ab
1336 1776 1543 1823 Erasmo
1578 1775 1872 1823 dedicatum.

353 1850 552 1911 Inspexi
584 1866 711 1897 anno
747 1851 903 1898 1880.

355 1924 395 1970 Ε
429 1926 571 1971 tanto
597 1924 820 1983 codicum
850 1940 1053 1971 numero
1087 1924 1386 1972 duodecim
1373 1941 1427 1971 m
1458 1939 1656 1971 censum
1687 1923 1935 1971 vocandos

245 1997 382 2045 duxi:
422 2013 446 2044 e
480 1993 856 2060 ‘corporalibus'
881 1999 1215 2061 fragmentum
1245 1998 1556 2059 palimpsesti
1579 1997 1935 2059 Hierosolymi-

243 2072 350 2119 tani
391 2071 600 2119 Sanctae
643 2071 811 2119 Crucis
840 2066 919 2138 (=
950 2065 1062 2138 Gr),
1104 2072 1614 2133 Hierosolymitanum
1648 2070 1816 2119 Sancti
1851 2070 1932 2119 Se-

243 2146 403 2208 pulcri
437 2138 517 2211 (=
542 2138 649 2212 Η),
690 2146 989 2194 Vaticanum
1023 2148 1128 2194 940
1162 2140 1242 2212 (=
1279 2139 1372 2212 V),
1417 2144 1705 2193 Ghisianum
1738 2139 1817 2210 (=
1848 2139 1934 2211 G),

243 2219 571 2267 Barberinum
629 2242 684 2257 =
710 2214 1222 2284 B)‚Laurent1anum
1254 2219 1394 2266 LVII
1427 2221 1496 2266 44
1531 2212 1609 2284 (=
1633 2212 1763 2285 La),
1794 2219 1933 2266 Pari-

244 2293 408 2341 sinum
435 2295 577 2342 3014
628 2316 682 2331 =
703 2287 826 2356 Pa);
860 2310 916 2340 ex
943 2288 1241 2358 eclogariis'
1266 2294 1574 2342 Marcianum
1601 2294 1705 2340 439
1726 2286 1806 2357 (=
1831 2287 1935 2358 M),

243 2366 674 2415 Vindobonensem
727 2368 849 2428 phil.
889 2367 961 2414 IV
1002 2368 1068 2415 82
1113 2362 1199 2434 (=
1228 2362 1341 2433 Vi),
1386 2366 1727 2415 Matritensem
1773 2367 1850 2414 N-
1862 2368 1931 2414 49

246 2434 332 2506 (=
358 2433 507 2506 Ma),
559 2441 928 2490 Berolinensem
983 2442 1101 2488 olim
1149 2441 1586 2489 Claromontanum
1627 2434 1712 2506 (=
1741 2434 1852 2506 Ol),
1908 2456 1934 2488 e

247 2509 592 2563 scholasticis'
625 2514 925 2563 Vaticanum
961 2517 1063 2563 113
1099 2510 1178 2579 (=
1214 2508 1325 2581 Va).

358 2587 551 2636 Codicis
577 2589 812 2652 eclogarii
828 2589 1063 2636 Vaticani
1089 2591 1155 2637 82
1183 2592 1232 2637 et
1256 2588 1536 2637 scholastici
1564 2588 1793 2635 Sinaitici
1811 2601 1933 2649 quos

245 2662 452 2710 collatos
475 2662 632 2709 habeo
664 2663 899 2710 lectiones
931 2663 981 2709 in
1012 2666 1308 2726 apparatum
1340 2662 1564 2709 criticum
1596 2663 1812 2723 recipere
1845 2660 1934 2709 abs

243 2750 297 2782 re
319 2735 443 2782 mihi
459 2736 620 2783 visum
638 2739 725 2783 est.
759 2736 901 2783 Prior
918 2736 1047 2783 enim
1063 2737 1352 2798 plerumque
1370 2734 1781 2783 cumMViMaGl
1797 2735 1935 2794 facit,

245 2809 373 2857 alter
402 2808 455 2856 in
484 2812 627 2870 parte
652 2812 862 2869 servata,
892 2826 1008 2857 nam
1039 2827 1100 2857 ne
1131 2811 1324 2872 integer
1349 2809 1547 2871 quidem
1580 2811 1668 2869 est,
1701 2825 1811 2856 eum
1844 2809 1932 2855 Va.

355 2882 425 2930 Hi
457 2897 651 2943 quoque
684 2883 873 2931 codices
904 2885 955 2930 in
988 2884 1110 2931 duas
1143 2883 1402 2931 discedunt
1434 2884 1626 2930 classes.

355 2955 539 3003 Prioris
588 2956 786 3017 quidem
833 2956 1004 3005 classis
1044 2960 1158 3005 sunt
1191 2956 1379 3004 codices
1415 2957 1549 3005 OrH
1562 2955 1673 3016 VC,
1730 2956 1935 3002 alterius
