2026 3192
232 137 339 190 358
713 135 940 181 LIBANII
970 133 1361 180 DECLAMATIO
1393 134 1436 179 V

232 274 489 344 εὕρισκεν
520 271 902 342 Ἀγαμέμνονι,
942 279 1099 341 κοινῇ
1139 273 1285 343 νόσω
1326 270 1510 342 μετῄει
1540 272 1638 324 τὸν
1670 273 1924 343 ἄρχοντα.

229 361 467 433 ποτέρου
514 359 575 415 δὲ
630 355 889 432 χρῄζουσι
937 359 1028 413 καὶ
1067 368 1199 429 νῦν,
1247 358 1287 413 ὦ
1336 361 1476 427 πρὸς
1514 363 1673 430 Λιός;
1727 363 1778 415 εἰ
1823 358 1924 428 μὲν

229 453 332 521 γὰρ
375 454 665 520 σωτηρίας,
705 446 914 514 ἔξεστιν
966 449 1154 512 αὐτοῖς
1199 450 1333 517 μετὰ
1373 450 1758 518 Μυρμιδόνων
1795 468 1920 503 του-

228 538 363 593 τωνὶ
402 548 773 608 καταφρονεῖν
799 538 1078 607 ’Έκτορος
1122 540 1170 591 εἰ,
1210 535 1270 591 δὲ
1309 535 1448 607 ὑπὲρ
1486 548 1598 591 τῶν
1622 538 1923 606 νἈτρειδῶν

185 650 203 683 5
229 629 545 698 τρέμουσιν,
586 628 739 682 οὔπω
781 627 999 680 δεόνται
1039 635 1135 696 τῆς
1175 626 1305 696 ἐμῆς
1343 626 1551 690 ἐξόδου.

341 718 438 770 94..
467 716 619 771 Ἀλλ’
659 718 903 785 αἱρήσω
944 718 1057 770 τὸν
1083 716 1354 786 ’Ἕκτορα
1389 718 1921 784 θρασυνόμενον,

227 816 488 876 πρᾶγμα
527 808 784 876 σεμνόν.
825 816 957 874 πῶς,
997 803 1039 859 ὦ
1082 808 1391 874 σοφώτατε,
1438 807 1663 875 σεμνόν;
1713 807 1762 858 εἰ
1799 804 1922 875 γάρ,

229 897 312 950 ὅτι
358 917 466 964 μου
522 905 776 965 φανεῖται
832 896 1056 964 χείρων,
1110 896 1278 949 παλαι
1332 903 1495 949 τοῦτο
1550 894 1799 964 πέφηνεν
1854 894 1921 947 οὐ
2011 914 2013 917 ’

229 994 345 1049 ταῖς
399 984 554 1052 ἐμαῖς
608 984 739 1038 οὐδὲ
787 995 932 1051 σαῖς,
995 983 1111 1038 ἀλλ’
1183 985 1374 1047 αὐταῖς
1434 993 1553 1046 ταῖς
1606 983 1922 1052 ὁμολογίαις

165 1073 495 1144 ω’Ἐκτορος.
538 1074 566 1128 ὁ
607 1076 712 1143 γὰρ
753 1075 818 1127 τὰ
857 1074 958 1140 μὲν
1009 1076 1186 1127 πολλὰ
1232 1076 1506 1143 τειχήρης,
1552 1074 1827 1142 τολμηρὸν
1867 1070 1914 1125 δ’

231 1165 538 1232 ἡγούμενος
590 1164 935 1233 παρακύψαι,
997 1162 1180 1229 μένων
1235 1159 1281 1214 δ’
1343 1163 1451 1215 ὑπὸ
1506 1172 1620 1224 τοῖς
1673 1162 1922 1230 πύργοις,

231 1252 499 1323 ὀρρωδῶν
553 1252 614 1305 δὲ
660 1253 761 1320 τὴν
813 1253 951 1321 πρὸς
1008 1249 1097 1320 ἐμὲ
1153 1253 1331 1322 μάχην
1385 1250 1556 1305 πλέον
1594 1250 1626 1320 ἢ
1667 1259 1924 1319 γυναῖκες

139 1346 263 1390 RIV
283 1351 336 1389 79
418 1341 519 1394 οὐκ
559 1340 1043 1410 ἀμφισβητήσιμόν
1088 1339 1094 1412 Ι
1144 1361 1236 1410 μοι
1276 1342 1378 1409 τὴν
1415 1344 1578 1409 νίκην
1617 1341 1923 1408 πεποίηκεν.

234 1434 348 1484 ἔστι
390 1431 451 1485 δὲ
489 1435 674 1503 πολλῷ
708 1435 892 1499 μεῖζον
932 1432 1009 1493 εἰς
1049 1430 1218 1495 δόξαν
1248 1438 1347 1484 τοῦ
1379 1429 1614 1498 μένοντα
1645 1431 1743 1483 τὸν
1782 1429 1924 1482 ἀντί-

162 1540 203 1573 15
228 1525 406 1574 παλον
445 1529 654 1573 κτεῖναι
694 1521 754 1573 τὸ
803 1520 1082 1588 φεύγοντα
1130 1518 1316 1583 δεῖξαι.
1371 1520 1430 1571 τὸ
1481 1519 1582 1588 μὲν
1629 1519 1732 1588 γάρ
1773 1517 1923 1572 ἐστιν

229 1609 457 1679 ἀνδρείᾳ
496 1610 781 1678 χρώμενον
820 1617 884 1678 τῇ
923 1610 1058 1678 τύχῃ
1099 1611 1386 1676 βλαβῆναι,
1425 1609 1486 1660 τὸ
1527 1605 1587 1660 δὲ
1620 1609 1691 1677 μὴ
1725 1611 1922 1676 συμμί-

229 1697 314 1762 ξαι
354 1701 637 1766 πρόφασιν
678 1698 779 1750 οὐκ
819 1695 929 1766 ἔχει
969 1698 1113 1765 πλὴν
1162 1698 1380 1759 δειλίας.
1437 1695 1527 1750 καὶ
1575 1698 1774 1750 κτείνει
1820 1693 1922 1765 μὲν

227 1787 490 1849 πολλάκις
545 1788 642 1840 τὸν
698 1787 917 1854 ἀγαθὸν
971 1786 1000 1839 ὁ
1056 1790 1279 1855 χείρων,
1335 1789 1499 1855 φοβεῖ
1555 1786 1616 1840 δὲ
1668 1787 1838 1854 μόνος
1891 1785 1920 1838 ὁ

228 1878 475 1944 βελτίων.
517 1876 654 1929 ὥστε
696 1877 742 1929 εἰ
782 1883 877 1943 τῆς
916 1882 1015 1928 τοῦ
1063 1877 1328 1944 κρείττων
1374 1875 1720 1943 ὑπειλῆφθαι
1760 1872 1922 1943 δόξης

349 2042 373 2080 6
406 2036 457 2079 Il.
493 2053 509 2080 ι
541 2040 627 2080 304
749 2040 773 2078 9
808 2035 858 2079 Il.
891 2052 919 2080 v
954 2039 1061 2090 4343
1094 2053 1120 2093 χ
1154 2039 1238 2079 136

350 2190 371 2227 1
413 2183 631 2241 ηὕρισκεν
659 2185 757 2229 C'an
901 2190 926 2227 2
971 2183 1187 2242 χρῄζουσι
1219 2183 1299 2227 καὶ
1339 2191 1425 2227 νῦν
1458 2183 1619 2239 scripsi
1695 2183 1776 2227 καὶ
1811 2182 1922 2242 χρῄ-

229 2248 356 2297 ζουσι
388 2251 476 2288 νῦν
501 2245 557 2288 H
563 2244 945 2288 VViMaBLaur
1019 2244 1098 2287 καὶ
1131 2243 1375 2301 χρῄζουσιν
1404 2243 1479 2286 La
1511 2243 1600 2286 edd
1677 2241 1919 2301 χρῄζουσιν

231 2304 330 2348 Can
356 2306 362 2359 Ι
391 2299 425 2346 ὦ
459 2317 533 2348 om
566 2304 700 2347 Laur
828 2308 852 2345 3
887 2300 1114 2358 σωτηρίας
1145 2317 1218 2346 om
1246 2302 1345 2347 Gan
1372 2305 1378 2359 Ι
1405 2302 1581 2346 τούτων
1609 2303 1734 2348 HLa
1748 2303 1802 2346 Vi

230 2369 256 2405 4
289 2359 337 2407 δ’
367 2363 650 2407 BLawrGan
681 2362 771 2405 edd
895 2366 920 2404 6
961 2359 1021 2406 ἂν
1054 2364 1163 2406 ante
1203 2360 1375 2416 αἱρήσω
1406 2362 1539 2406 MaB
1572 2361 1663 2405 edd
1725 2360 1874 2405 delevi
1910 2361 1915 2419 Ι

231 2420 405 2476 αἱρήσω
439 2423 514 2466 La
557 2422 633 2465 sed
683 2421 826 2465 ἐλλεῑν
869 2434 1083 2476 suprascr
1117 2436 1148 2478 y
1224 2420 1412 2476 αἱρῆσαι
1446 2421 1574 2465 VMa
1617 2421 1698 2464 sed
1739 2419 1789 2463 in
1833 2420 1921 2463 hoc

231 2479 348 2524 ἑλεῖν
379 2478 407 2535 ἢ
450 2477 653 2537 ἐπισχεῖν
692 2480 742 2524 in
781 2493 915 2536 marg
949 2479 1032 2533 ω’,
1066 2482 1200 2524 Lam·
1272 2478 1417 2534 ἐρήσω
1451 2481 1509 2524 Η
1644 2484 1670 2523 8
1703 2476 1922 2536 φανεῖταί

231 2556 318 2595 μου
352 2541 576 2584 MaLaur
603 2543 608 2595 1
638 2547 720 2583 σοῦ
755 2541 854 2584 Can
882 2541 887 2595 Ι
917 2538 1136 2594 φαίνεται
1166 2541 1210 2584 Β
1260 2540 1265 2594 Ι
1316 2537 1502 2595 χείρωνι
1535 2540 1635 2584 Can
1762 2542 1787 2581 9
1819 2545 1922 2589 ταῖς

232 2599 338 2642 antae
372 2606 474 2648 σαῖς
507 2600 563 2643 Vi
594 2600 641 2642 et
678 2598 805 2642 inser
844 2599 948 2642 coni
979 2598 1047 2641 Re
1089 2601 1095 2654 Ι
1138 2597 1252 2642 ἀλλὰ
1285 2599 1421 2642 Lam·
1450 2598 1551 2642 Mor
1593 2602 1598 2653 Ι
1642 2598 1805 2647 αὐταῖς
1845 2611 1920 2641 om

230 2658 365 2701 Lawr
396 2657 496 2701 Mor
546 2659 551 2712 Ι
601 2665 703 2708 ταῖς
733 2671 808 2702 om
844 2658 930 2701 Ma
1068 2663 1121 2701 10
1155 2657 1178 2701 ὁ
1213 2657 1377 2713 scripsi
1411 2671 1465 2700 ex
1498 2657 1922 2702 HLaViMaLaur

234 2717 333 2761 Gan
394 2717 448 2760 οὐ
492 2717 574 2761 VB
607 2717 698 2759 edd
741 2719 745 2770 Ι
790 2715 873 2771 μὲν
906 2718 1013 2760 ante
1045 2716 1155 2773 γὰρ,
1194 2730 1286 2760 non
1319 2718 1427 2760 ante
1459 2717 1602 2760 πολλὰ
1635 2716 1778 2760 LaVi
1819 2717 1824 2771 Ι
1869 2715 1918 2759 δὲ

234 2776 323 2819 Μα
445 2780 494 2817 11
531 2775 582 2820 δὲ
615 2776 804 2820 LaViB
837 2776 927 2819 edd
1059 2781 1110 2819 12
1143 2782 1344 2832 γυναῖκα
1376 2776 1421 2819 Β
1544 2780 1598 2818 15
1629 2775 1711 2819 τὸν
1743 2774 1801 2817 Vi

234 2839 286 2877 16
320 2832 492 2887 ἀνδρία
520 2836 607 2879 Μα
639 2835 720 2879 sed
752 2851 768 2877 ι
799 2835 850 2878 in
880 2847 955 2877 ras
989 2840 1013 2877 2
1047 2834 1127 2878 litt
1155 2834 1225 2877 m⁸
1252 2836 1258 2890 Ι
1286 2833 1345 2890 μὴ
1379 2848 1453 2878 om
1497 2835 1552 2878 Vi
1578 2835 1583 2888 Ι
1613 2830 1828 2890 συμμίξαι
1859 2832 1916 2876 cf.

232 2893 293 2935 ad
322 2895 356 2936 t.
381 2893 422 2936 11
449 2898 520 2948 28,
540 2898 593 2936 19
619 2896 667 2937 et
691 2898 791 2948 258,
811 2899 835 2937 2
960 2898 1011 2936 17
1045 2894 1125 2937 καὶ
1156 2892 1331 2938 inserui
1363 2907 1420 2937 ex
1449 2894 1505 2937 H
1510 2893 1624 2938 VLa
1637 2893 1919 2936 ViMaLaur

291 2966 365 2994 om
398 2951 546 2996 BCan
578 2952 667 2995 odd
791 2954 843 2995 19
878 2951 901 2996 ὁ
935 2951 1122 3010 βελτίων
1156 2951 1296 3007 μόνος
1329 2953 1428 2998 Can
1470 2956 1475 3007 Ι
1518 2950 1630 2996 ὥστε
1667 2950 1830 3007 scripsi
1862 2963 1919 2993 ex
