2026 3192
211 647 230 679 5

257 130 364 184 378
723 132 951 176 LIBANII
985 131 1378 178 DECLAMATIO
1410 132 1475 177 VI

255 267 471 335 μέλλων
518 267 826 337 ἀνάγεσθαι
871 267 1102 331 καλέσας
1142 270 1555 339 φιλανθρώπως
1595 270 1797 324 οὑτωσὶ
1844 272 1947 338 τὴν

254 356 458 426 μητέρα
511 355 601 410 καὶ
664 358 1149 427 παραστησάμενος
1202 361 1433 427 μικροὺς
1493 359 1632 427 ἡμᾶς
1685 356 1764 413 ἔτι
1817 362 1948 422 τοὺς

254 446 456 508 παῖδας
509 456 729 515 πρῶτον
783 447 885 516 μὲν
939 446 1208 514 ἐδάκρυσε
1270 450 1405 515 πρίν
1457 467 1510 500 τι
1565 447 1770 516 λέγειν,
1833 442 1948 502 εἶτα

253 534 453 601 μεταξὺ
496 536 779 603 δακρύων,
819 535 960 603 εἰπέ,
1000 536 1138 603 πρὸς
1177 538 1332 603 Διός,
1365 534 1651 606 Ἠλέκτρα,
1690 539 1820 601 τοὺς
1858 539 1947 591 λό-

256 644 389 692 γους
430 624 675 687 ἐκείνους
714 625 812 687 οὕς
850 645 945 694 μοι
974 625 1240 687 πολλάκις
1272 625 1618 694 ἀπήγγειλας,
1658 627 1810 680 οὔπω
1843 628 1947 697 γὰρ

254 716 378 767 τότε
416 721 511 782 τῆς
550 715 868 783 φρονούσης
920 713 1224 783 ἐτύγχανον
1262 715 1490 784 ἡλικίας.
1546 714 1684 768 ἀλλὰ
1731 718 1801 768 σὺ
1847 713 1949 783 μὲν

255 799 424 866 αὖθις
478 802 778 871 αἰδουμένη
831 804 1112 873 δακρύεις,
1169 803 1274 872 ἐγὼ
1331 804 1393 857 δὲ
1445 803 1614 856 πάλιν
1664 805 1949 873 δυστυχῶς

256 894 602 960 διηγήσομαι.
672 891 720 943 8.
752 890 953 959 μεταξὺ
987 896 1183 945 τοίνυν
1215 893 1475 960 δακρύων
1507 892 1536 946 ὁ
1569 894 1685 962 μὲν
1723 898 1948 969 πλοῦς,

256 982 451 1049 φησίν,
508 981 587 1044 ὡς
643 980 820 1052 ὁρᾷς,
877 978 918 1034 ὦ
965 982 1185 1049 γύναι,
1239 984 1506 1052 μακρός,
1561 984 1623 1035 αἱ
1679 981 1747 1036 δὲ
1800 984 1948 1053 περὶ

189 1093 232 1126 10
255 1077 370 1122 τοῦ
410 1072 523 1139 ζῆν
561 1063 714 1139 ἡμῖν
754 1070 1013 1134 ἐλπίδες
1061 1072 1316 1140 ἄδηλοι·
1365 1074 1466 1124 δεῖ
1504 1072 1648 1140 γάρ,
1697 1072 1772 1141 ἢν
1812 1071 1947 1142 δέῃ,

188 1539 229 1572 15

252 1158 460 1211 πάντα
519 1164 788 1227 παθεῖν,
844 1160 1012 1222 ὅπως
1067 1169 1503 1228 σωφρονῶσιν
1541 1161 1694 1230 ἡμῖν
1734 1162 1797 1214 αἱ
1836 1181 1947 1229 γυ-

253 1257 488 1311 ναῖκες.
550 1245 617 1301 σὲ
673 1248 742 1301 δὲ
795 1249 858 1301 τί
916 1257 1134 1302 ποιεῖν
1188 1249 1535 1316 βούλομαι;
1596 1252 1786 1303 ταυτί
1845 1263 1948 1304 σοι

254 1339 866 1406 παρακατατίθεμαι
906 1338 978 1391 τὰ
1018 1338 1272 1405 παιδία,
1313 1336 1490 1406 λέγων
1530 1338 1682 1407 ἡμᾶς.
1728 1339 1948 1392 οἰκού-

256 1445 353 1496 ρει
392 1424 497 1479 καὶ
539 1425 748 1495 φύλαξ
789 1435 897 1495 τῆς
937 1427 1148 1488 οἰκίας
1186 1423 1296 1479 ἔσο
1328 1428 1539 1495 πιστή.
1578 1425 1683 1479 καὶ
1719 1436 1949 1496 μεῖνον

256 1515 490 1569 ἀπόντι
529 1514 762 1584 τάνδρὶ
801 1516 964 1583 γυνὴ
1005 1514 1109 1568 καὶ
1164 1526 1301 1578 τοῖς
1354 1515 1535 1568 παισὶ
1591 1518 1795 1586 μήτηρ
1842 1516 1948 1570 καὶ

253 1605 460 1673 πατὴρ
509 1600 638 1657 ἀντ’
687 1604 856 1672 ἐμοῦ.
914 1603 1067 1667 ἴσως
1115 1602 1406 1672 ἐπανήξω
1455 1605 1560 1658 καὶ
1607 1604 1948 1659 ἐπαινέσο-

375 1755 429 1795 13
455 1751 562 1796 Eur.
587 1751 687 1808 Iph.
706 1750 756 1794 Τ.
777 1755 832 1793 23
957 1748 1011 1794 14
1037 1749 1201 1795 Aesch.
1228 1750 1315 1807 Ag.
1336 1755 1420 1794 914
1448 1751 1456 1807 Ι
1483 1750 1540 1794 ef.
1559 1751 1591 1795 t.
1609 1750 1674 1794 IV
1692 1755 1820 1804 1137,
1839 1751 1950 1795 25R

256 1833 311 1848 =
335 1810 486 1855 Nicol.
520 1813 553 1854 t.
578 1809 600 1853 Ι
623 1814 725 1866 419,
744 1814 799 1853 28
834 1810 903 1853 ed.
936 1809 1071 1854 Walz

374 1950 398 1988 2
424 1942 597 2001 μητέρα
626 1943 793 2000 scripsi
818 1957 873 1987 ex
900 1945 955 1988 H
961 1943 1154 1988 VVaLa
1178 1943 1260 1987 sed.
1283 1943 1332 1986 in
1356 1943 1445 1988 hoo
1469 1942 1660 2001 γιναίκα
1683 1944 1730 1987 in
1756 1959 1889 2002 marg
1910 1945 1946 1999 f,

254 2005 425 2049 BMVi
487 2011 690 2060 γυναῖκα
717 2004 860 2048 ΜαΟί
884 2003 975 2047 edd
1003 2003 1008 2061 Ι
1037 2002 1452 2060 παραστησάμενος
1479 2003 1533 2046 Vi
1564 2003 1644 2047 sed
1678 2002 1844 2058 στήσας
1872 2018 1947 2048 su-

253 2077 414 2119 prascr
444 2062 514 2106 m²
540 2065 546 2118 Ι
574 2063 768 2119 μικροὺς
798 2062 919 2119 ἡμᾶς
948 2062 1135 2119 reposui
1167 2076 1191 2106 e
1228 2061 1360 2105 libris
1421 2061 1541 2119 ἡμᾶς
1580 2063 1771 2118 μικροὺς
1811 2063 1902 2106 edd
1939 2063 1942 2122 Ι

254 2123 362 2173 τοὺς
422 2137 498 2167 om
525 2123 639 2166 VaB
686 2137 799 2165 num
817 2122 982 2171 ὄνταςῗ
1105 2127 1129 2165 3
1149 2129 1331 2176 πρῶτον
1349 2122 1535 2177 reposui
1553 2136 1576 2165 e
1595 2121 1727 2166 libris
1788 2129 1946 2177 πρῶτα

254 2182 345 2226 edd
374 2184 379 2237 Ι
407 2182 519 2235 πρὶν
549 2179 593 2225 τί
626 2182 824 2226 HVaVi
858 2182 864 2240 Ι
899 2182 978 2225 καὶ
1010 2182 1120 2225 ante
1151 2180 1299 2237 λέγειν
1335 2181 1607 2226 MViMaOl
1679 2181 1827 2225 delevi

255 2247 281 2285 5
315 2242 369 2285 οὐ
397 2243 453 2286 H
459 2242 575 2285 VVa
606 2241 685 2285 sed
719 2240 768 2284 in
800 2241 888 2285 hoe
919 2241 968 2284 in
1002 2240 1130 2284 οὔπω
1163 2254 1265 2284 corr
1296 2239 1366 2283 m²
1487 2245 1512 2283 6
1544 2239 1646 2284 τότε
1677 2246 1760 2297 τῆς
1790 2240 1839 2283 in
1870 2254 1946 2284 ras

257 2305 281 2343 3
306 2299 385 2344 litt
412 2302 500 2345 Ma
528 2305 532 2354 Ι
561 2306 642 2355 τῆς
673 2314 748 2344 om
782 2301 835 2345 Ol
869 2304 874 2356 Ι
912 2298 1090 2356 ἡλικίας
1122 2300 1376 2377 ἐτύγχανον
1409 2299 1555 2344 MaCl
1584 2299 1685 2343 Mor
1808 2304 1830 2343 7
1864 2301 1946 2343 δα-

255 2360 410 2412 κρύεις
444 2361 511 2403 Va
543 2360 624 2403 sed
655 2375 721 2409 εις
751 2359 798 2401 in
831 2372 906 2402 ras
938 2359 1008 2402 m²
1130 2364 1155 2402 9
1188 2379 1222 2403 ω
1257 2373 1332 2402 om
1367 2358 1511 2403 MaGl
1634 2363 1684 2402 11
1720 2359 1760 2402 εἰ
1790 2358 1947 2403 πάντα

254 2417 353 2463 δέοι
381 2419 525 2464 MaC‘z
555 2421 602 2462 et
632 2418 681 2461 in
713 2431 847 2475 marg
871 2420 962 2462 Las
1097 2423 1149 2461 12
1183 2417 1236 2463 δέ
1265 2435 1309 2461 τι
1342 2419 1400 2462 Η
1420 2420 1425 2473 Ι
1453 2415 1586 2461 ταυτί
1613 2419 1702 2462 *Ma
1727 2418 1806 2462 sed
1840 2416 1945 2461 αυτί

253 2478 302 2521 in
326 2492 401 2521 ras
426 2477 495 2520 m³
555 2478 699 2534 ταύτῃ
725 2478 801 2522 La
825 2478 907 2522 sed
931 2478 980 2520 in
1004 2494 1134 2521 ταυτι
1161 2492 1276 2532 corr,
1303 2477 1357 2521 ΟΖ
1388 2478 1470 2520 sed.
1498 2494 1551 2533 γρ
1576 2478 1704 2520 ταυτὶ
1733 2490 1946 2533 suprascr

261 2539 267 2593 Ι
302 2551 348 2581 σε
390 2539 445 2582 Va:
579 2541 632 2580 13
665 2535 1083 2592 παρακατατίθημι
1115 2537 1217 2581 HV
1263 2537 1268 2595 Ι
1319 2536 1524 2590 οἰκούρει
1559 2538 1645 2580 Μα
1678 2537 1758 2579 sed
1791 2536 1944 2580 οἰκου-

256 2603 354 2650 ρεῖν
386 2610 602 2652 suprascr
663 2596 896 2651 οἰκουρεῖν
930 2596 972 2638 Β
1097 2601 1150 2639 14
1185 2595 1261 2640 ἔσο
1294 2603 1375 2653 τῆς
1405 2594 1557 2646 οἰκίας
1589 2595 1691 2638 Mor
1732 2597 1737 2651 Ι
1789 2595 1863 2639 ἔσο
1895 2594 1944 2639 in

255 2669 330 2699 ras
365 2655 475 2699 Ma³
517 2657 523 2711 Ι
566 2654 703 2709 πιστή
734 2656 809 2699 La
842 2655 920 2697 sed
953 2654 1113 2705 πιστὸς
1145 2655 1274 2710 ἡμῶν
1307 2668 1521 2710 suprascr
1550 2656 1580 2708 f
1694 2659 1747 2697 15
1780 2654 1944 2709 τάνδρὶ

255 2714 419 2771 scripsi
481 2712 620 2757 πάλιν
646 2713 754 2756 libri
779 2714 869 2757 edd
930 2713 958 2770 ἡ
984 2712 1128 2756 πάλαι
1153 2714 1316 2758 Iacobs
1345 2714 1447 2756 Add
1473 2718 1557 2756 357
1681 2718 1733 2756 16
1761 2712 1868 2763 ἴσως
1890 2739 1941 2745 -

256 2778 392 2827 379,5
411 2771 716 2830 Ἀγαμέμνονα
735 2773 853 2816 citat
875 2772 1068 2816 Ioannes
1095 2772 1266 2829 Glycys
1285 2774 1341 2816 de
1366 2786 1475 2815 vera
1499 2774 1745 2828 syntaxeos
1762 2771 1943 2816 rafiione

255 2832 324 2875 ed.
351 2831 455 2875 Alb.
481 2831 596 2875 Iahn
632 2833 806 2875 Bel-nae
842 2835 953 2875 1849
978 2846 1023 2887 p.
1050 2837 1121 2884 52,
1142 2837 1193 2874 19
1221 2831 1286 2875 ἔτι
1317 2838 1372 2889 τῇ
1405 2832 1669 2888 παρεμβολῇ
1703 2831 1782 2874 καὶ
1812 2837 1866 2887 τῇ
1897 2830 1943 2883 ἐξ

255 2891 398 2946 αὐτῆς
430 2893 632 2948 ὃιακοπῇ
659 2891 739 2934 καὶ
764 2889 788 2934 ὁ
815 2889 1035 2947 σοφιστὴς
1057 2890 1282 2948 Λιβάνιος
1305 2889 1494 2943 ὕστερον
1520 2888 1741 2947 ἐχρήσατο
1767 2890 1816 2933 ἐν
1839 2889 1943 2933 τού-

254 2964 371 3000 τοις·
399 2956 482 2997 τοῦ
503 2946 716 3006 Ὀρέστου
741 2947 1119 3009 ἀπολογουμένου
1143 2948 1259 3005 ὑπὲρ
1283 2955 1365 2993 τοῦ
1390 2946 1540 3006 φόνου
1564 2953 1647 3005 τῆς
1669 2947 1838 3007 μητρὸς
1861 2947 1943 2994 καὶ
