2026 3192
566 82 1003 165 THEMISTOCLIS
1036 119 1370 164 ANTILOGIA
1707 120 1814 173 505

122 257 223 310 οὐκ
278 262 380 310 οἴει
436 258 564 320 τοὺς
616 259 786 318 θεοὺς
841 256 1047 309 εἰδέναι
1095 256 1127 325 ἢ
1182 258 1254 325 μὴ
1311 258 1616 325 βούλεσθαι
1670 256 1818 324 παρὰ

119 354 235 408 τοῖς
280 343 461 398 υἱέσιν
508 342 656 398 εἷναί
696 365 748 398 τι
795 343 886 398 καὶ
934 345 996 397 τὸ
1044 355 1156 398 τῶν
1202 345 1477 414 μητέρωνς
1525 345 1708 397 αὐτῶν
1756 341 1817 396 δὲ

120 432 337 503 ἐκείνην
386 433 800 503 αἰσθανομένην
840 434 942 486 οὐκ
983 439 1088 486 οἴει
1129 435 1409 497 στενάξειν
1448 434 1538 487 καὶ
1579 432 1817 496 διαλέξε-

122 527 257 575 σθαι
312 533 429 585 τοῖς
483 524 697 576 τούτων
752 521 975 591 ἐφόροις
1034 524 1294 592 δαίμοσιν
1349 516 1438 576 οἷα
1493 521 1621 575 ἀνθ’
1684 522 1818 575 οἵων

120 614 412 678 κομίζεται;
482 612 568 664 40.
622 611 772 665 πάν-υ
826 631 887 680 γε
942 619 1112 665 ταῦτα
1175 612 1469 673 ἀκίνδυνας
1531 614 1702 664 καλόν
1755 630 1816 679 γε
1865 633 1883 665 5

121 703 398 754 εἰσελθεῖν
422 699 595 754 ἐκεῖσε
620 697 688 754 οὗ
719 700 997 754 κατέκειτο
1023 700 1055 770 ἡ
1079 702 1425 767 ταλαίπωρος
1457 700 1818 770 ἀρρωστοῦσα

120 794 380 843 τίλλουσα
435 791 530 852 τὰς
584 791 771 860 τρίχας
823 788 915 842 καὶ
971 790 1358 858 σπαράττουσα
1413 790 1473 842 τὸ
1520 791 1817 859 πρόσωπον

118 877 208 932 καὶ
249 879 450 932 τούτου
498 878 730 947 δεομένη
780 878 935 948 λῆξαι
982 886 1083 931 τοῦ
1122 884 1313 947 θυμοῦ
1365 877 1455 931 καὶ
1506 879 1579 947 μὴ
1618 878 1816 946 τυγχά-

119 983 295 1021 νουσα
347 967 534 1020 οἴκτου
582 969 672 1021 καὶ
718 969 819 1036 τὴν
864 969 1048 1037 ψυχὴν
1096 968 1205 1034 ἅμα
1254 968 1522 1037 δάκρυσιν
1573 966 1816 1036 ἀφιεῖσα,

119 1059 290 1110 καλόν
337 1076 396 1125 γε
445 1052 512 1109 οὗ
559 1064 730 1110 ταῦτα
786 1055 1034 1126 ἐπράχθη
1088 1060 1274 1109 πίνειν
1329 1054 1421 1125 ἐμὲ
1471 1057 1562 1109 καὶ
1617 1070 1815 1124 στεφα-
1841 1078 1884 1109 ιο

120 1151 363 1199 νοῦσθαι
395 1147 485 1199 καὶ
517 1148 647 1208 τοὺς
679 1145 1023 1214 ἐπιτηδείους
1056 1144 1243 1199 ἑστιᾶν
1275 1144 1364 1198 καὶ
1399 1146 1568 1215 λύρας
1592 1146 1817 1198 ἀκούειν

119 1233 208 1288 καὶ
251 1237 488 1288 σκολίων
527 1235 616 1287 καὶ
657 1236 796 1288 ἄλλα
834 1245 1018 1288 ποιεῖν
1058 1235 1159 1288 ὅσα
1192 1234 1253 1288 ἐν
1287 1236 1599 1306 συνδείπνῳ
1633 1236 1815 1301 νόμος.

119 1327 304 1378 καλῶν
343 1344 405 1392 γε
443 1324 744 1393 ὀνειράτων
778 1323 864 1377 ε’πὶ
898 1324 1172 1387 τοιούτοις
1205 1325 1452 1386 δείπνοις
1486 1326 1814 1392 γευσόμεθα.

119 1415 202 1475 τίς
240 1411 330 1466 καὶ
370 1414 507 1480 πρὸς
547 1411 765 1480 ἑτέρους
814 1413 1029 1481 ἀγῶνας
1075 1411 1168 1465 ἀπ’
1213 1414 1460 1480 εὐσεβῶν
1509 1413 1816 1481 πλεύσομαι

120 1511 231 1554 τῶν
269 1498 470 1571 ἕργωνς
510 1501 750 1567 δέδοικα,
791 1499 833 1555 ὦ
867 1503 1066 1570 ἄνδρες
1095 1501 1398 1570 Ἀθηναῖοι,
1437 1504 1511 1571 μή
1548 1520 1615 1568 με
1650 1508 1813 1553 τοῦτο
1839 1523 1882 1555 15

119 1597 214 1657 τῆς
269 1590 487 1653 εὐνοίας
541 1590 887 1660 ἀποστερήσῃ
940 1598 1037 1659 τῆς
1090 1599 1203 1644 τῶν
1239 1589 1595 1644 Ἐλευσινίων
1648 1595 1816 1657 θεῶν,

243 1772 296 1810 16
328 1767 434 1811 Her.
460 1767 566 1810 VIII
592 1772 646 1810 65

240 1936 264 1983 2
297 1931 349 1976 τὸ
382 1946 457 1976 om
482 1931 591 1975 Lau
626 1932 631 1985 Ι
661 1929 809 1985 ὄνομα
840 1933 948 1985 post
979 1930 1184 1986 μητέρων
1217 1930 1443 1974 excidisse
1477 1929 1581 1973 coni
1614 1929 1771 1972 Gasda
1806 1929 1810 1985 Ι

122 1989 267 2046 αὐτὴν
292 1990 396 2034 coni
414 1989 570 2034 Gasda
692 1994 717 2031 3
745 1987 927 2045 ἐκείνην
947 1990 980 2032 Ι
997 1989 1080 2033 sed.
1106 1987 1211 2046 ίνην
1237 2003 1292 2032 ex
1317 1996 1420 2034 ῖνον
1445 2003 1546 2033 corr
1569 1987 1639 2031 m'
1701 1986 1815 2032 ἐκεί-

121 2066 214 2093 νων
230 2051 339 2094 Lau
367 2052 373 2105 1
401 2048 634 2102 στενάξειν
653 2048 817 2105 scripsi
842 2061 867 2091 e
884 2048 928 2091 L
990 2048 1222 2101 στενάζειν
1242 2049 1466 2093 OBILau
1481 2048 1571 2092 edd
1590 2047 1671 2091 sed
1688 2049 1812 2102 „for-

121 2114 237 2153 tasse
269 2108 484 2162 στενάξαι
509 2111 562 2152 ob
586 2110 824 2164 insequens
848 2108 1168 2161 διαλέξασθαι,
1193 2109 1261 2152 vel
1278 2110 1437 2164 potius
1468 2106 1702 2159 στενάξειν
1734 2107 1814 2150 καὶ

121 2168 445 2222 ὃιαλέξεσθαιῦ*
464 2168 531 2212 Re
559 2169 564 2225 Ι
593 2165 890 2220 διαλέξεσθαι
909 2167 1073 2224 scripsi
1099 2183 1122 2211 e
1141 2168 1231 2211 BL
1258 2167 1339 2210 sed
1363 2167 1412 2210 in
1435 2167 1523 2211 hoc
1548 2168 1640 2223 ε(2)
1666 2166 1715 2209 in
1738 2181 1815 2209 ras

120 2226 189 2270 m²
250 2226 554 2281 ὃιαλέξασθαι
575 2227 749 2271 CILau
781 2226 871 2269 edd
994 2231 1019 2270 5
1052 2226 1179 2271 πάνυ
1204 2242 1254 2283 γε
1283 2233 1427 2270 ταῦτα
1462 2223 1693 2270 ἀκίνδυνα
1718 2239 1812 2268 em-

119 2286 276 2330 blema.
299 2286 486 2331 lectoris
510 2285 756 2330 orthodoxi
771 2299 1017 2342 perperam
1033 2285 1177 2330 habeta
1194 2285 1349 2329 Gasda
1375 2289 1381 2342 Ι
1410 2285 1595 2341 signum
1619 2285 1814 2328 interro-

121 2346 326 2402 gationis
358 2345 495 2402 posui
556 2348 783 2402 punctum
815 2344 924 2388 libri
957 2345 1047 2389 edd
1184 2349 1210 2388 8
1242 2345 1374 2401 λῆξαι
1407 2344 1572 2401 scripsi
1604 2357 1628 2388 e
1658 2344 1812 2388 LLau

180 2404 313 2460 λήξαι
340 2406 457 2450 ΟΒΙ
482 2405 572 2448 edd
607 2406 614 2461 1
650 2411 731 2448 σοῦ
756 2406 800 2449 L
922 2410 947 2448 9
981 2404 1077 2460 ἅμα
1109 2405 1193 2448 σὺν
1226 2403 1454 2458 δάκρυσιν
1487 2405 1642 2459 ἀφῆκε
1659 2405 1702 2447 ΑΙ

123 2467 179 2506 10
211 2479 261 2520 γε
294 2478 367 2508 om
394 2466 428 2508 I
448 2467 454 2520 Ι
483 2466 764 2508 στενοῦσθαι
789 2465 896 2508 Lau
958 2462 1205 2508 ἑστιᾶσθαι
1232 2463 1268 2507 C
1390 2469 1443 2507 12
1478 2465 1671 2506 σκολιῶν
1705 2461 1812 2505 libri

122 2523 204 2567 sed
236 2537 310 2566 om
337 2525 367 2566 1
396 2526 443 2567 et
478 2519 603 2574 εἶδος
641 2522 821 2579 ἀσματα
860 2523 919 2567 τὰ
951 2520 1109 2567 σκόλια
1147 2523 1197 2565 in
1236 2535 1369 2579 marg
1393 2522 1474 2577 122,
1506 2521 1598 2565 edd
1629 2521 1685 2565 cf.
1712 2520 1811 2565 t.11

123 2586 223 2634 370,
242 2587 266 2624 3
297 2594 301 2634 ι
330 2583 407 2625 καὶ
443 2597 516 2626 om
541 2583 574 2626 Ι
604 2584 609 2639 Ι
646 2581 760 2625 ἄλλα
792 2582 954 2638 scripsi
988 2596 1012 2625 e
1043 2582 1114 2626 CI
1168 2581 1282 2625 ἀλλὰ
1308 2582 1509 2626 BLLau
1543 2580 1633 2625 edd
1660 2584 1681 2636 l>
1706 2594 1813 2623 συν-

121 2639 297 2700 δείπνῳ
322 2641 423 2685 Mor
455 2641 537 2685 sed
560 2658 615 2698 γρ
641 2640 933 2686 συνδείπνων
957 2641 1006 2685 in
1023 2654 1158 2696 marg
1280 2646 1334 2683 13
1359 2639 1623 2697 γευσόμεθα
1648 2639 1812 2695 scripsi

121 2702 176 2743 ut
191 2701 296 2744 coni
312 2701 381 2744 Re
442 2699 644 2756 ἐσόμεθα
668 2699 778 2743 libri
802 2700 893 2744 edd
954 2698 1137 2757 μέτοχοι
1154 2701 1260 2756 post
1284 2698 1487 2756 ἐσόμεθα
1504 2701 1537 2742 Ι
1654 2703 1708 2742 14
1722 2696 1808 2756 τίς]

123 2761 225 2812 „hic
255 2760 399 2804 deesse
429 2759 656 2805 nonnulla
687 2760 919 2813 videntur,
950 2774 1063 2803 num
1095 2760 1174 2816 leq.
1206 2757 1325 2803 τίσιν
1358 2759 1543 2815 οἰωνοῖς
1585 2758 1664 2801 καὶ
1695 2757 1815 2811 πρὸς

115 2817 306 2873 γἑτέρους
328 2820 513 2875 ἀγῶνας
543 2815 627 2862 ἀπ’
656 2819 837 2876 ἀσεβῶν
868 2819 1122 2873 πλεύσομαι
1145 2819 1201 2862 ab
1228 2819 1384 2874 impiis
1405 2818 1720 2873 facinoribus“
1744 2815 1811 2858 Re

123 2877 198 2921 cui
223 2877 470 2921 oblocutus
503 2879 573 2921 est
605 2877 765 2920 Iacobs
791 2878 904 2921 Lect
929 2882 1012 2920 119
1042 2880 1047 2933 Ι
1075 2877 1328 2933 πλεύσαιμι
1347 2878 1385 2922 C
1443 2876 1682 2931 ἐλεύσομαι
1708 2875 1812 2918 coni

123 2935 225 2979 Mor
347 2941 400 2980 16
436 2936 579 2993 ἔργων
605 2938 650 2980 Β
