2026 3192
213 155 328 208 470
685 152 913 197 LIBANII
944 153 1334 199 DECLAMATIO
1367 155 1431 198 IX

213 288 283 359 ἦν
322 291 651 360 ἀγριώτερος
691 289 796 357 ἐγὼ
836 298 947 343 τῶν
985 292 1221 358 θηρίων,
1262 291 1363 343 οὐκ
1402 287 1471 358 ἦν
1511 285 1626 356 οἶος
1660 289 1904 363 παραβῆ-

213 401 304 434 ναι
344 387 440 448 τῆς
478 379 698 447 φύσεως
736 378 834 431 τὸν
873 381 1048 446 νόμον
1087 377 1152 431 ὃν
1192 377 1373 432 ἐκεῖνα
1403 390 1557 450 τηρεῖ
1587 381 1903 451 στέργοντα,

212 469 511 536 κηδόμενα,
566 470 1023 537 προπολεμοῦντα
1062 477 1173 520 τῶν
1218 467 1441 521 τέκνων.
1494 467 1614 523 οὐδ’
1660 471 1904 538 ἠγνόουν

212 558 297 611 ὅτι
343 564 491 609 πᾶσα
538 554 872 624 ἀποκήρυξις
919 556 1077 622 κοινὴ
1125 563 1225 608 τοῦ
1271 576 1329 609 τε
1383 556 1643 621 ἀπιόντος
1697 567 1795 612 τοῦ
1845 580 1902 612 τε

167 667 186 700 5
213 645 619 707 ἀπελαύνοντος
659 643 773 697 ἐστι
815 644 971 712 λύπη.
1014 644 1193 713 ὥσπερ
1234 647 1338 714 γὰρ
1379 646 1407 698 ὁ
1449 648 1723 716 λοιδορῶν
1769 647 1903 700 ε’κεῖ-

212 754 314 787 νον
353 734 451 786 τὸν
490 730 589 797 ἔξω
630 740 725 802 τῆς
765 734 942 795 οἰκίας
980 732 1050 786 ἂν
1090 739 1251 798 εἴποι,
1293 733 1466 797 οὕτως
1505 734 1533 787 ὁ
1573 742 1773 789 τοῦτον
1811 735 1900 789 καὶ

212 819 372 885 οὗτος
434 821 504 874 ἂν
567 827 711 874 εἴποι
773 822 871 874 τὸν
924 823 1144 874 τοιοῦδε
1197 822 1415 892 πατέρα.
1493 824 1577 876 24.
1632 834 1746 887 πῶς
1801 821 1904 878 οὗν

210 919 380 964 ταῦτα
419 910 559 964 ἑκὼν
596 909 885 976 ὑπέμεινα;
934 910 1033 979 οὐχ
1076 909 1237 978 ἑκών,
1286 909 1327 964 ὦ
1370 913 1566 981 ἄνδρες
1602 912 1903 982 Ἀθηναῖοι,

210 1002 284 1068 μα
322 1002 453 1063 τοὺς
489 1001 679 1062 θεούς·
721 998 860 1052 ἀλλὰ
898 1001 953 1052 τί
991 1001 1058 1068 δὴ
1098 1002 1320 1064 παθών;
1371 1001 1543 1054 αὑτὸν
1582 1000 1902 1070 ἐρωτησάτω

145 1112 189 1144 10
216 1094 607 1158 Θεμιστοκλῆς,
670 1083 787 1141 οἶδε
851 1090 979 1157 γάρ,
1034 1090 1124 1142 καὶ
1180 1090 1383 1159 ῥᾳδίως
1437 1089 1778 1160 ἀποκρίναιτ’
1834 1090 1904 1143 ἂν

210 1179 374 1241 αὐτὸς
437 1178 591 1250 αὑτῷ.
654 1179 711 1230 τί
770 1174 873 1230 οὖν
928 1177 1093 1248 ἐχρῆν
1147 1198 1234 1246 με.
1274 1187 1476 1243 ποιεῖν;
1540 1178 1783 1232 ἐπαινεῖν
1836 1182 1902 1232 τὰ

210 1267 565 1336 ἁμαρτήματα
603 1264 694 1319 καὶ
733 1270 1070 1335 παρακαλεῖν
1110 1265 1190 1319 ἐπ’
1238 1266 1422 1319 αὐτῶν
1473 1269 1775 1337 διατρίβειν
1813 1269 1904 1321 καὶ

209 1365 467 1425 χορηγεῖν
506 1357 584 1418 εἰς
625 1355 785 1419 αὐτά;
826 1353 917 1407 καὶ
957 1358 1040 1417 τίς
1079 1355 1179 1407 οὐκ
1218 1354 1288 1407 ἂν
1327 1353 1513 1424 ἔκρινέ
1552 1375 1617 1424 με
1656 1357 1901 1421 δικαίως;

209 1454 322 1507 πῶς
362 1442 409 1496 δ’
458 1443 560 1497 οὐκ
599 1443 669 1496 ἂν
710 1438 871 1506 οὗτος
910 1443 1074 1506 αὐτὸς
1104 1444 1209 1513 πρὸ
1251 1452 1361 1495 τῶν
1402 1446 1585 1497 ἄλλων
1625 1445 1901 1514 ἁπάντων,

143 1555 185 1588 15
211 1536 261 1586 εἰ
291 1532 537 1602 κατέχειν
570 1531 699 1585 δέον
729 1541 994 1602 παρεῖχον
1022 1533 1100 1594 εἰς
1125 1531 1158 1584 ἃ
1182 1533 1253 1601 μὴ
1277 1540 1556 1601 προσῆκεν
1580 1535 1787 1601 ἄδειαν,
1811 1532 1901 1585 καὶ

207 1625 404 1689 βελτίω
438 1630 635 1689 ποιεῖν,
666 1620 770 1689 ἐγὼ
813 1617 873 1674 δὲ
911 1622 1253 1691 προσετίθην
1284 1630 1399 1683 τοῖς
1430 1624 1661 1691 χείροσι;
1702 1621 1787 1674 25.
1819 1623 1901 1684 τίς

208 1709 259 1762 δ’
304 1710 374 1764 ἂν
422 1708 584 1774 ἔδοξα
638 1707 764 1779 περὶ
816 1709 915 1762 τὸν
970 1711 1147 1777 δῆμον
1201 1706 1343 1762 εἶναι
1398 1707 1653 1781 ῥᾴθυμος
1708 1711 1786 1763 ὢν
1841 1710 1902 1764 ἐν

208 1809 323 1862 τοῖς
363 1797 602 1868 ἐμαυτοῦ
643 1799 732 1851 καὶ
774 1800 958 1863 κακός;
998 1801 1080 1861 τίς
1120 1797 1168 1851 δ’
1215 1797 1285 1851 ἂν
1324 1801 1492 1867 φίλου
1532 1801 1748 1852 παίδων
1787 1799 1900 1852 ἐπί-

208 1907 407 1958 τροπος
463 1889 704 1955 πονηρὸς
767 1897 877 1940 τῶν
939 1886 1177 1956 ἐμαυτοῦ
1241 1889 1503 1957 γεγονώς,
1565 1888 1771 1957 πατρὸς
1833 1888 1898 1956 δὴ

142 1999 184 2030 20
208 1986 385 2030 ποιῶν
423 1974 591 2046 ἔργον
630 1975 1001 2045 ἐπηνώρθουν
1036 1977 1134 2029 τὸν
1172 1977 1313 2029 υἱόν.
1352 1974 1442 2029 καὶ
1482 1976 1543 2028 τὸ
1584 1973 1686 2044 μὲν
1726 1978 1900 2043 ὄνομα

328 2142 350 2180 1
386 2150 567 2181 comma.
597 2138 705 2193 post
727 2134 911 2193 θηρίων
938 2136 1074 2211 posui
1135 2135 1269 2180 colon
1294 2137 1434 2180 ILau
1496 2136 1680 2194 signum
1704 2136 1900 2180 interro-

208 2196 414 2254 gationis
445 2196 615 2253 reliqui
646 2195 756 2238 libri
789 2195 879 2239 edd
907 2201 913 2252 Ι
942 2192 1040 2246 οἶος
1072 2194 1235 2252 scripsi
1268 2197 1455 2239 auctore
1488 2195 1645 2239 Gasda
1705 2195 1766 2245 ὡς
1789 2194 1898 2239 libri

208 2256 300 2299 edd
421 2260 446 2298 2
481 2254 727 2330 στέργοντα
753 2281 809 2286 -
835 2260 859 2298 3
885 2253 1079 2313 τέκνων]
1105 2253 1215 2299 ουδὲ
1246 2254 1334 2311 γὰρ
1367 2254 1522 2298 ἐκεῖνα
1548 2252 1678 2310 φέρει
1701 2253 1784 2310 τὴν
1809 2261 1901 2298 τῶν

207 2313 391 2359 παιδων
425 2313 635 2371 στέρησιν
658 2315 688 2357 1
809 2319 833 2358 3
861 2314 945 2358 οὐκ
969 2316 1001 2357 Ι
1118 2318 1145 2356 4
1175 2311 1220 2356 τ’
1250 2316 1291 2369 (1
1319 2315 1366 2357 et
1392 2314 1501 2363 230
1617 2318 1642 2356 5
1676 2312 1825 2367 ὥσπερ
1845 2339 1899 2346 --

211 2378 233 2415 7
267 2373 445 2429 πατέρα
476 2373 632 2417 labem
658 2373 941 2417 contraxisse
966 2374 1124 2416 censet
1149 2372 1304 2416 Gasda
1428 2377 1452 2415 6
1487 2369 1621 2423 οὗτος
1646 2374 1734 2416 Ma
1762 2374 1768 2428 Ι
1794 2379 1899 2416 τοῦ-

207 2449 288 2477 τον
314 2434 424 2478 Lau
454 2433 535 2476 sed
568 2433 664 2490 0(2)
697 2433 746 2476 in
777 2446 850 2475 ras
881 2431 952 2474 m‘2
1097 2436 1120 2474 7
1161 2431 1306 2481 οὕτως
1338 2432 1380 2475 L
1413 2432 1494 2475 sed
1534 2445 1590 2475 ex
1629 2428 1762 2481 οὗτος
1799 2444 1901 2474 corr

208 2491 290 2547 111²,
323 2493 462 2536 ILau
522 2506 634 2535 num
648 2491 834 2559 pectes?
869 2494 875 2547 1
914 2497 995 2534 τοῦ
1030 2492 1137 2534 ante
1168 2493 1352 2535 τοιοῦδε
1378 2492 1487 2536 Lau
1519 2490 1599 2534 sed
1630 2496 1712 2533 τοῦ
1744 2506 1815 2533 τοι
1846 2490 1896 2533 in

206 2565 282 2594 ras
307 2550 390 2605 ω’,
415 2551 465 2594 in
489 2565 622 2608 marg
644 2549 770 2594 inser
790 2550 900 2594 Ma⁴
917 2550 1008 2593 edd
1071 2549 1220 2593 delevi
1343 2554 1368 2593 8
1402 2549 1522 2593 αὐτὰ
1550 2550 1587 2594 Ο
1703 2554 1727 2591 9
1755 2549 1897 2594 αὐτὸν

208 2610 318 2654 Lau
440 2614 494 2653 10
527 2610 607 2653 καὶ
639 2623 714 2654 om
739 2611 783 2653 B
819 2611 824 2665 Ι
860 2606 1167 2662 ἀποκρίναιτο
1197 2609 1233 2652 Ο
1351 2614 1402 2652 11
1438 2609 1563 2668 αὑτῷ
1587 2608 1774 2664 reposui
1806 2623 1830 2651 e
1865 2608 1903 2652 C

209 2670 299 2712 BL
333 2668 414 2712 sed
444 2668 495 2711 in
526 2666 649 2712 hoc
690 2668 740 2711 in
770 2682 844 2711 ras
882 2667 962 2722 m',
996 2668 1135 2712 ILau
1197 2667 1319 2711 αὐτῶ
1348 2669 1436 2712 Μα
1468 2654 1560 2711 edd
1693 2671 1745 2710 12
1779 2666 1899 2711 αὐτὰ

209 2730 237 2770 1
359 2732 413 2770 13
441 2734 587 2771 ταῦτα
614 2729 750 2772 ΜαΒ
874 2731 928 2770 14
961 2726 1102 2778 αὐτὸς
1124 2728 1168 2771 L
1193 2727 1274 2770 sed
1300 2727 1358 2770 αὐ
1383 2727 1431 2769 in
1456 2740 1531 2769 ras
1556 2725 1626 2768 m²
1653 2727 1658 2782 Ι
1687 2726 1765 2769 καὶ
1789 2727 1899 2770 anlze

208 2786 298 2840 πρὸ
324 2786 368 2830 L
393 2787 439 2829 et
462 2785 586 2829 inser
612 2785 723 2830 Ma⁴²
747 2786 839 2830 edd
902 2785 1050 2829 delevi
1175 2790 1227 2829 15
1254 2785 1366 2837 εἰς“
1349 2785 1380 2829 οὶ
1406 2785 1571 2841 scripsi
1595 2798 1620 2828 e
1645 2786 1691 2828 B
1753 2785 1814 2835 ὡς
1838 2782 1898 2827 ἂν

212 2844 384 2889 CILau
445 2843 475 2887 ἃ
502 2847 592 2889 Μα
653 2841 720 2899 ὧν,
741 2845 790 2888 in
813 2859 888 2888 ras
909 2844 976 2889 L²
999 2845 1089 2888 edd
1214 2849 1266 2888 16
1291 2859 1404 2887 num
1426 2851 1579 2888 ποιεῖν
1603 2842 1785 2902 <δέον>
1811 2843 1897 2899 ἐγὼ

210 2902 525 2961 προσετίθηνῖ
553 2906 559 2960 Ι
597 2902 885 2960 προσετίθην
910 2905 945 2948 Ι
969 2904 1051 2947 sed
1083 2921 1109 2948 ν
1142 2903 1235 2946 add
1265 2903 1334 2945 m²
1456 2907 1509 2946 17
1543 2902 1594 2947 δὲ
1620 2903 1665 2946 Β
1689 2902 1780 2945 edd

213 2966 265 3004 19
300 2963 500 3018 ἐμαυτοῦ
530 2962 695 3019 scripsi
720 2976 746 3007 e
773 2963 1086 3007 GMaBILau
1147 2963 1267 3018 ἐμῶν
1293 2963 1336 3005 L
1360 2961 1451 3004 edd
1478 2963 1485 3018 Ι
1513 2961 1563 3005 δὲ
1588 2963 1634 3006 Β
