2054 3192
191 660 216 693 ἱ)

172 1103 219 1135 10

172 1548 215 1581 15

166 1995 216 2028 :20

245 147 352 199 112
740 147 969 191 LIBANII
997 147 1388 192 DECLAMATIO
1420 149 1442 192 I

237 287 465 336 πολλῶν
511 282 692 336 υἱέσιν
731 282 972 350 ἀμείνων
1023 283 1238 352 ἐγένετο
1294 294 1405 336 τῶν
1451 283 1727 353 πατέρων,
1782 284 1939 351 ὑμεῖς

240 369 306 424 δὲ
337 374 468 434 τοὺς
499 372 701 425 τούτου
734 373 936 434 παῖδας
967 374 1045 434 εἰς
1077 372 1356 442 ὀρφανίαν
1387 371 1686 441 ἐμβαλεῖτε,
1726 376 1938 441 μᾶλλον

245 461 306 513 δὲ
346 462 423 522 εἰς
464 459 706 530 ἀτιμίαν;
746 469 855 514 ποῦ
896 462 1000 531 γὰρ
1037 458 1118 514 ἔτι
1151 469 1487 531 φανοῦνται;
1527 469 1636 514 ποῦ
1669 461 1940 529 φθέγξον-

243 568 354 618 ταις
408 557 517 602 ποῦ
570 550 1042 620 παρρησιάσονται
1098 559 1192 619 τῆς
1245 557 1344 603 τοῦ
1394 550 1599 619 πατρὸς
1647 558 1939 621 συμφορᾶς

245 638 346 690 οὐκ
388 637 580 708 ἐώσης;
625 639 743 691 170.
783 639 1077 707 κλαύσατε,
1124 640 1318 692 παιδία
1357 641 1616 708 δυστυχῆ.
1678 643 1937 708 κλαῦσον,

243 726 540 796 Ξανθίππη
580 731 902 798 ταλαίπωρε.
974 729 1272 796 Σωκράτης
1316 725 1419 796 μὲν
1470 727 1735 781 οὐδέποτε
1773 735 1936 782 τοῦτο

242 818 486 884 ποιήσει,
529 822 728 886 θαρρεῖ
767 818 870 886 γὰρ
911 818 1012 885 τὴν
1050 819 1309 886 τελευτὴν
1357 816 1446 870 καὶ
1486 819 1586 886 τὴν
1627 816 1939 886 ἀποδημίαν

243 904 309 957 οὐ
351 904 616 958 δέδοικεν.
655 908 797 959 πολὺ
830 907 934 974 γὰρ
975 915 1087 958 τῶν
1127 904 1374 959 ἐνταῦθα
1413 908 1598 959 τόπων
1633 906 1825 974 ἡδίων,
1865 905 1938 968 ὡς

243 996 423 1062 λόγος,
464 994 492 1047 ὁ
532 1004 647 1057 τοῖς
693 996 928 1057 δικαιόις
973 994 1384 1063 ἡτοιμασμένος.
1449 996 1658 1048 οὔκουν
1706 995 1938 1069 αἰσχρὰν

246 1085 457 1151 ζητήσει
496 1087 773 1154 σωτηρίαν
825 1081 955 1137 οὐδὲ
1001 1086 1102 1153 τὴν
1148 1070 1546 1153 μελετηθεῖσαν
1592 1083 1829 1152 ἀνδρίαν
1876 1082 1938 1135 ἐν

243 1177 316 1242 τςό
357 1173 686 1245 δικαστηρίῳ
726 1173 1022 1226 καταλύσει
1060 1175 1297 1241 νομίζων
1332 1171 1663 1242 ἀμφοτέροις
1703 1173 1936 1240 αἰσχρὰν

242 1256 385 1314 εἶναι
423 1263 523 1330 τὴν
566 1250 817 1330 ἱκετείαν,
856 1260 944 1314 καὶ
989 1262 1135 1334 αὑτῷ
1169 1260 1260 1314 καὶ
1292 1270 1356 1332 τῇ
1388 1263 1562 1329 πόλει,
1601 1266 1675 1333 τῷ
1708 1261 1806 1313 τὸν
1846 1261 1937 1313 δο-

241 1358 448 1403 κοῦντα
500 1352 679 1420 σοφὸν
744 1350 924 1420 ὥσπέρ
987 1371 1111 1404 τινα
1177 1351 1462 1420 βάρβαρον
1531 1352 1779 1419 φρίττειν
1840 1350 1937 1402 τὸν

240 1439 504 1492 θάνατον.
567 1438 686 1493 ἀλλ’
739 1440 896 1507 ὑμεῖς
947 1441 1182 1509 δεήθητε
1221 1448 1333 1492 τῶν
1374 1440 1671 1507 δικαστῶν,
1718 1438 1936 1506 ἀντιβο-

242 1530 463 1596 λήσατε,
519 1529 840 1598 δακρύσατε.
914 1529 1033 1581 171.
1088 1527 1178 1582 καὶ
1234 1528 1399 1591 αὐτὸς
1452 1525 1514 1581 δὲ
1568 1528 1669 1582 οὐκ
1720 1527 1935 1596 ὀκνήσω

241 1614 365 1685 μεθ’
404 1617 575 1684 ὑμῶν.
618 1619 816 1687 ἄνδρες
846 1617 1148 1686 Ἀθηναῖοι,
1182 1619 1350 1688 φίλον
1383 1619 1668 1686 εἰλικρινῆ,
1700 1617 1936 1686 χρηστὸν

242 1706 436 1775 ἄνδρα,
477 1707 795 1774 σύμβουλον
835 1707 1078 1775 ἀγαθόν,
1125 1708 1356 1774 πολίτην
1396 1707 1638 1774 δίκαιον,
1687 1706 1935 1775 λυπηρὸν

240 1794 342 1863 μὲν
398 1793 589 1863 ἐνίοις,
658 1797 1014 1864 συμφέροντα
1075 1793 1135 1848 δὲ
1198 1804 1313 1858 τοῖς
1376 1794 1636 1848 εὐνοοῦσι
1708 1792 1934 1862 σώσατε,

242 1884 616 1952 διατηρήσατε.
657 1893 982 1954 στρατηγεῖν
1021 1881 1122 1951 μὲν
1161 1885 1263 1937 οὐκ
1302 1883 1372 1936 ἂν
1412 1885 1665 1951 δύναιτο,
1717 1897 1935 1953 σωφρο-

241 1974 411 2036 νίζειν
450 1970 510 2025 δὲ
551 1972 843 2026 ἐπίσταται.
893 1977 1092 2026 στόλον
1129 1974 1231 2040 μὲν
1270 1974 1421 2041 ἄγων
1462 1973 1563 2025 οὐκ
1602 1973 1671 2025 ἂν
1711 1971 1934 2025 ἐκπλεύ-

242 2076 411 2129 σειεν,
466 2059 688 2114 ἐκπλεῖν
742 2059 802 2114 δὲ
856 2064 1096 2124 πολλοὺς
1142 2061 1305 2124 νέους
1356 2063 1433 2124 εἰς
1487 2062 1653 2131 ὕβριν
1709 2061 1809 2114 οὐκ
1864 2060 1932 2114 ἂν

240 2148 362 2221 έςόη.
424 2150 572 2218 μέγα
607 2151 709 2217 μὲν
754 2151 889 2218 ὑμῖν
936 2152 988 2204 οἱ
1035 2153 1197 2218 νόμοι.
1245 2151 1336 2203 καὶ
1375 2150 1407 2219 ἡ
1449 2160 1561 2203 τῶν
1600 2152 1933 2214 δικαζόντων

240 2246 441 2307 ψῆφος,
480 2240 679 2308 μικρὸν
719 2240 779 2292 δὲ
819 2239 950 2293 οὐδὲ
990 2240 1290 2308 Σωκράτης
1336 2249 1517 2308 τηρῶν
1556 2243 1931 2308 πλημμελοῦν-

361 2374 384 2412 9
419 2369 538 2452 esp.
569 2375 666 2424 129
686 2375 738 2413 17

360 2493 384 2530 2
416 2489 525 2538 τοὺς
556 2502 631 2532 om
663 2488 764 2532 Mor
885 2494 910 2531 3
944 2488 1194 2544 φεύξονται
1227 2489 1316 2532 Ma
1438 2493 1460 2531 7
1495 2486 1643 2532 πείσει
1667 2487 1738 2532 vel
1762 2488 1930 2532 παύσει

234 2547 346 2590 coni
391 2547 554 2590 Iacobs
602 2548 713 2590 Lech
757 2552 841 2591 203
899 2550 906 2604 Ι
962 2551 1138 2619 θαρρεῖ
1179 2548 1267 2591 Μα
1313 2547 1395 2591 sed
1439 2564 1460 2591 ε
1502 2547 1552 2590 in
1597 2560 1673 2590 ras
1719 2547 1789 2589 m²

239 2611 265 2649 8
299 2605 481 2651 δέδοικε
516 2608 661 2652 MaU
703 2608 707 2664 Ι
757 2605 917 2673 ηδίων,
950 2607 1029 2664 ὡς]
1063 2604 1091 2661 ἢ
1124 2604 1292 2656 διωνος
1322 2607 1416 2650 Ath
1536 2611 1561 2650 9
1594 2605 1790 2662 αἰσχρὰν
1823 2608 1930 2661 post

241 2663 470 2721 σωτηρίαν
508 2665 557 2707 in
596 2679 728 2722 marg
767 2666 892 2709 inser
925 2667 1011 2710 Ma
1166 2670 1218 2709 10
1259 2663 1489 2721 σωτηρίαν
1517 2666 1561 2709 Β
1601 2665 1682 2708 sed
1722 2678 1839 2720 σωτη
1879 2665 1928 2708 in

240 2737 315 2767 ras
339 2723 409 2766 m²
436 2727 440 2780 Ι
470 2723 694 2779 ἀνδρείαν
729 2726 773 2769 U
793 2730 798 2780 Ι
828 2725 877 2769 ἐν
908 2739 984 2768 om
1008 2724 1109 2768 Mor
1230 2729 1284 2767 12
1317 2725 1397 2782 τῷ]
1422 2725 1472 2768 τὸ
1501 2724 1685 2768 MaAth
1716 2723 1816 2767 Mor

242 2788 296 2826 16
330 2782 550 2839 εἰλικρινῆ
577 2785 713 2827 ΜαΒ
838 2788 891 2827 18
925 2790 1085 2828 νοοῦσι
1113 2784 1199 2827 Μα
1321 2788 1376 2826 20
1410 2782 1571 2827 στόλον
1598 2781 1682 2838 μὲν
1707 2782 1926 2841 <νεῶν>ἳ

238 2841 298 2885 cf.
333 2842 475 2885 Thuc.
502 2842 522 2884 I
554 2846 651 2895 31‚1
792 2847 844 2885 21
880 2840 1013 2892 νέους
1045 2842 1110 2892 εἰς
1142 2842 1307 2897 scripsi
1380 2841 1497 2891 ἐνεὶς
1532 2842 1708 2886 OAAth
1740 2841 1840 2884 Mor
1858 2842 1927 2886 Re

301 2901 438 2952 ἐνιεὶς
472 2902 559 2945 Μα
573 2903 616 2945 U
623 2903 737 2945 VaB
799 2902 865 2951 εἰς
897 2903 1085 2944 auctore
1118 2900 1184 2944 Re
1202 2901 1304 2957 Rog
1426 2905 1479 2943 22
1513 2900 1596 2956 μὲν
1629 2915 1703 2944 om
1737 2901 1774 2946 G

234 2964 296 3002 23
329 2963 671 3016 πλημελοῦντας
704 2962 839 3004 ΜαΒ
