<?xml version="1.0" encoding="UTF-8"?>
<!DOCTYPE html PUBLIC "-//W3C//DTD XHTML 1.0 Transitional//EN"
    "http://www.w3.org/TR/xhtml1/DTD/xhtml1-transitional.dtd">
<html xmlns="http://www.w3.org/1999/xhtml" xml:lang="en" lang="en">
 <head>
  <title>
</title>
<meta http-equiv="Content-Type" content="text/html;charset=utf-8" />
  <meta name='ocr-system' content='tesseract 3.04.00' />
  <meta name='ocr-capabilities' content='ocr_page ocr_carea ocr_par ocr_line ocrx_word'/>
</head>
<body>
  <div class='ocr_page' id='page_1' title='image "./operarecensuitri05libauoft/operarecensuitri05libauoft_0506.png"; bbox 0 0 2026 3192; ppageno 0'>
   <div class='ocr_carea' id='block_1_1' title="bbox 236 110 1446 165">
    <p class='ocr_par' dir='ltr' id='par_1_1' title="bbox 236 110 1446 165">
     <span class='ocr_line' id='line_1_1' title="bbox 236 110 1446 165; baseline -0.007 0"><span class='ocrx_word' id='word_1_1' title='bbox 236 113 344 165; x_wconf 84' lang='lat'><em>496</em></span> <span class='ocrx_word' id='word_1_2' title='bbox 718 110 948 155; x_wconf 85' lang='lat' dir='ltr'><strong>LIBANII</strong></span> <span class='ocrx_word' id='word_1_3' title='bbox 978 110 1372 155; x_wconf 86' lang='lat' dir='ltr'><strong>DECLAMATIO</strong></span> <span class='ocrx_word' id='word_1_4' title='bbox 1403 112 1446 156; x_wconf 86' lang='lat' dir='ltr'>X</span> 
     </span>
    </p>
   </div>
   <div class='ocr_carea' id='block_1_2' title="bbox 166 246 2001 2093">
    <p class='ocr_par' dir='ltr' id='par_1_2' title="bbox 167 246 2001 1650">
     <span class='ocr_line' id='line_1_2' title="bbox 237 246 1930 318; baseline 0.001 -16"><span class='ocrx_word' id='word_1_5' title='bbox 237 248 659 318; x_wconf 85' lang='grc' dir='ltr'><em>ἐπαρκέσοντας,</em></span> <span class='ocrx_word' id='word_1_6' title='bbox 707 256 1009 316; x_wconf 73' lang='grc' dir='ltr'><em>συγγενεῖς,</em></span> <span class='ocrx_word' id='word_1_7' title='bbox 1065 246 1341 318; x_wconf 83' lang='grc' dir='ltr'><em>ἑταίρους,</em></span> <span class='ocrx_word' id='word_1_8' title='bbox 1389 251 1678 318; x_wconf 79' lang='grc' dir='ltr'><em>συνήθεις,</em></span> <span class='ocrx_word' id='word_1_9' title='bbox 1730 251 1930 316; x_wconf 84' lang='grc' dir='ltr'><em>φίλους</em></span> 
     </span>
     <span class='ocr_line' id='line_1_3' title="bbox 235 335 1928 405; baseline 0 -14"><span class='ocrx_word' id='word_1_10' title='bbox 235 339 365 400; x_wconf 87' lang='grc' dir='ltr'><em>τοὺς</em></span> <span class='ocrx_word' id='word_1_11' title='bbox 419 337 592 390; x_wconf 83' lang='grc' dir='ltr'><em>ἐλεεῖν</em></span> <span class='ocrx_word' id='word_1_12' title='bbox 653 338 890 404; x_wconf 79' lang='grc' dir='ltr'><em>εἰδότας,</em></span> <span class='ocrx_word' id='word_1_13' title='bbox 954 338 1092 390; x_wconf 83' lang='grc' dir='ltr'><em>ὥστε</em></span> <span class='ocrx_word' id='word_1_14' title='bbox 1152 337 1353 390; x_wconf 91' lang='grc' dir='ltr'><em>τούτου</em></span> <span class='ocrx_word' id='word_1_15' title='bbox 1408 357 1469 405; x_wconf 92' lang='grc' dir='ltr'><em>γε</em></span> <span class='ocrx_word' id='word_1_16' title='bbox 1525 337 1706 390; x_wconf 81' lang='grc' dir='ltr'><em>εἵνεκα</em></span> <span class='ocrx_word' id='word_1_17' title='bbox 1760 335 1928 391; x_wconf 74' lang='grc' dir='ltr'><em>οὐδὲν</em></span> 
     </span>
     <span class='ocr_line' id='line_1_4' title="bbox 235 423 1954 495; baseline 0 -16"><span class='ocrx_word' id='word_1_18' title='bbox 235 424 467 494; x_wconf 77' lang='grc' dir='ltr'><em>ἔμελλον</em></span> <span class='ocrx_word' id='word_1_19' title='bbox 515 425 858 495; x_wconf 81' lang='grc' dir='ltr'><em>ἐπιτηδεύειν</em></span> <span class='ocrx_word' id='word_1_20' title='bbox 906 423 1126 493; x_wconf 89' lang='grc' dir='ltr'><em>βέλτιον</em></span> <span class='ocrx_word' id='word_1_21' title='bbox 1173 427 1354 479; x_wconf 79' lang='grc' dir='ltr'><em>ὄντων</em></span> <span class='ocrx_word' id='word_1_22' title='bbox 1401 423 1503 494; x_wconf 75' lang='grc' dir='ltr'><em>μὲν</em></span> <span class='ocrx_word' id='word_1_23' title='bbox 1547 430 1770 479; x_wconf 81' lang='grc' dir='ltr'><strong><em>πολλῶν</em></strong></span> <span class='ocrx_word' id='word_1_24' title='bbox 1816 435 1954 479; x_wconf 84' lang='grc' dir='ltr'><em>τῶν</em></span> 
     </span>
     <span class='ocr_line' id='line_1_5' title="bbox 235 513 1927 585; baseline 0.001 -17"><span class='ocrx_word' id='word_1_25' title='bbox 235 517 686 585; x_wconf 77' lang='grc' dir='ltr'><em>διαφθειρόντων</em></span> <span class='ocrx_word' id='word_1_26' title='bbox 747 513 838 567; x_wconf 83' lang='grc' dir='ltr'><em>καὶ</em></span> <span class='ocrx_word' id='word_1_27' title='bbox 891 515 1029 584; x_wconf 87' lang='grc' dir='ltr'><em>πρὸς</em></span> <span class='ocrx_word' id='word_1_28' title='bbox 1088 515 1155 567; x_wconf 81' lang='grc' dir='ltr'><em>τὰ</em></span> <span class='ocrx_word' id='word_1_29' title='bbox 1216 518 1378 584; x_wconf 88' lang='grc' dir='ltr'><em>χείρω</em></span> <span class='ocrx_word' id='word_1_30' title='bbox 1441 516 1927 584; x_wconf 76' lang='grc' dir='ltr'><em>παρακαλούντων,</em></span> 
     </span>
     <span class='ocr_line' id='line_1_6' title="bbox 192 601 2001 673; baseline 0 -16"><span class='ocrx_word' id='word_1_31' title='bbox 192 626 211 658; x_wconf 86' lang='lat'>5</span> <span class='ocrx_word' id='word_1_32' title='bbox 235 603 473 657; x_wconf 76' lang='grc' dir='ltr'><em>κωλύειν</em></span> <span class='ocrx_word' id='word_1_33' title='bbox 511 604 573 657; x_wconf 81' lang='grc' dir='ltr'><em>δὲ</em></span> <span class='ocrx_word' id='word_1_34' title='bbox 611 604 838 666; x_wconf 88' lang='grc' dir='ltr'><em>οὐδενὸς</em></span> <span class='ocrx_word' id='word_1_35' title='bbox 875 604 1097 673; x_wconf 79' lang='grc' dir='ltr'><em>κυρίου,</em></span> <span class='ocrx_word' id='word_1_36' title='bbox 1145 611 1239 672; x_wconf 83' lang='grc' dir='ltr'><em>τῆς</em></span> <span class='ocrx_word' id='word_1_37' title='bbox 1278 602 1528 667; x_wconf 79' lang='grc' dir='ltr'><em>ἐξουσίας</em></span> <span class='ocrx_word' id='word_1_38' title='bbox 1568 601 1628 656; x_wconf 73' lang='grc' dir='ltr'><em>δὲ</em></span> <span class='ocrx_word' id='word_1_39' title='bbox 1668 604 1740 666; x_wconf 81' lang='grc' dir='ltr'><em>ὡς</em></span> <span class='ocrx_word' id='word_1_40' title='bbox 1778 607 1925 657; x_wconf 83' lang='grc' dir='ltr'><em>πλεί-</em></span> <span class='ocrx_word' id='word_1_41' title='bbox 1998 622 2001 624; x_wconf 90' lang='grc'><strong><em>·</em></strong></span> 
     </span>
     <span class='ocr_line' id='line_1_7' title="bbox 236 691 1927 762; baseline 0.001 -17"><span class='ocrx_word' id='word_1_42' title='bbox 236 707 377 761; x_wconf 87' lang='grc' dir='ltr'><em>στης.</em></span> <span class='ocrx_word' id='word_1_43' title='bbox 418 691 568 745; x_wconf 88' lang='grc' dir='ltr'><em>ταῦτ’</em></span> <span class='ocrx_word' id='word_1_44' title='bbox 617 693 718 746; x_wconf 87' lang='grc' dir='ltr'><em>οὐκ</em></span> <span class='ocrx_word' id='word_1_45' title='bbox 759 691 1034 746; x_wconf 79' lang='grc' dir='ltr'><em>ἐλάνθανε</em></span> <span class='ocrx_word' id='word_1_46' title='bbox 1064 693 1164 745; x_wconf 88' lang='grc' dir='ltr'><em>τὸν</em></span> <span class='ocrx_word' id='word_1_47' title='bbox 1202 691 1531 760; x_wconf 81' lang='grc' dir='ltr'><em>νομοθέτην,</em></span> <span class='ocrx_word' id='word_1_48' title='bbox 1570 691 1732 745; x_wconf 85' lang='grc' dir='ltr'><em>ταῦθ’</em></span> <span class='ocrx_word' id='word_1_49' title='bbox 1771 692 1927 762; x_wconf 81' lang='grc' dir='ltr'><em>ὑμεῖς</em></span> 
     </span>
     <span class='ocr_line' id='line_1_8' title="bbox 236 779 1928 850; baseline 0 -16"><span class='ocrx_word' id='word_1_50' title='bbox 236 781 407 835; x_wconf 89' lang='grc' dir='ltr'><em>αὐτὸν</em></span> <span class='ocrx_word' id='word_1_51' title='bbox 458 781 686 850; x_wconf 82' lang='grc' dir='ltr'><em>ἡγεῖσθε</em></span> <span class='ocrx_word' id='word_1_52' title='bbox 741 791 933 849; x_wconf 81' lang='grc' dir='ltr'><em>σαφῶς</em></span> <span class='ocrx_word' id='word_1_53' title='bbox 987 782 1171 834; x_wconf 81' lang='grc' dir='ltr'><em>εἰδότα</em></span> <span class='ocrx_word' id='word_1_54' title='bbox 1233 779 1539 834; x_wconf 82' lang='grc' dir='ltr'><em>τεθεικέναι</em></span> <span class='ocrx_word' id='word_1_55' title='bbox 1593 782 1691 834; x_wconf 90' lang='grc' dir='ltr'><em>τὸν</em></span> <span class='ocrx_word' id='word_1_56' title='bbox 1754 783 1928 850; x_wconf 92' lang='grc' dir='ltr'><em>νόμον</em></span> 
     </span>
     <span class='ocr_line' id='line_1_9' title="bbox 235 869 1927 938; baseline 0 -15"><span class='ocrx_word' id='word_1_57' title='bbox 235 871 416 938; x_wconf 87' lang='grc' dir='ltr'><em>φόβον</em></span> <span class='ocrx_word' id='word_1_58' title='bbox 438 871 541 937; x_wconf 81' lang='grc' dir='ltr'><em>μὲν</em></span> <span class='ocrx_word' id='word_1_59' title='bbox 565 870 634 923; x_wconf 77' lang='grc' dir='ltr'><em>ἂν</em></span> <span class='ocrx_word' id='word_1_60' title='bbox 666 872 977 937; x_wconf 86' lang='grc' dir='ltr'><em>γινόμενον,</em></span> <span class='ocrx_word' id='word_1_61' title='bbox 1009 879 1125 932; x_wconf 90' lang='grc' dir='ltr'><em>τοῖς</em></span> <span class='ocrx_word' id='word_1_62' title='bbox 1156 869 1340 937; x_wconf 78' lang='grc' dir='ltr'><em>γένεσι</em></span> <span class='ocrx_word' id='word_1_63' title='bbox 1372 870 1434 923; x_wconf 80' lang='grc' dir='ltr'><em>δὲ</em></span> <span class='ocrx_word' id='word_1_64' title='bbox 1466 869 1532 923; x_wconf 87' lang='grc' dir='ltr'><em>οὐ</em></span> <span class='ocrx_word' id='word_1_65' title='bbox 1566 874 1927 936; x_wconf 85' lang='grc' dir='ltr'><em>πολεμοῦντα.</em></span> 
     </span>
     <span class='ocr_line' id='line_1_10' title="bbox 233 953 1924 1029; baseline 0.001 -19"><span class='ocrx_word' id='word_1_66' title='bbox 233 960 397 1027; x_wconf 78' lang='grc' dir='ltr'><em>ἥττης</em></span> <span class='ocrx_word' id='word_1_67' title='bbox 449 961 553 1027; x_wconf 85' lang='grc' dir='ltr'><em>γὰρ</em></span> <span class='ocrx_word' id='word_1_68' title='bbox 608 953 759 1028; x_wconf 79' lang='grc' dir='ltr'><em>οἶμαι</em></span> <span class='ocrx_word' id='word_1_69' title='bbox 812 966 908 1027; x_wconf 87' lang='grc' dir='ltr'><em>τῆς</em></span> <span class='ocrx_word' id='word_1_70' title='bbox 969 957 1030 1011; x_wconf 81' lang='grc' dir='ltr'><em>ἐν</em></span> <span class='ocrx_word' id='word_1_71' title='bbox 1090 958 1308 1029; x_wconf 81' lang='grc' dir='ltr'><em>πολέμῳ</em></span> <span class='ocrx_word' id='word_1_72' title='bbox 1369 958 1523 1021; x_wconf 82' lang='grc' dir='ltr'><em>τέλος</em></span> <span class='ocrx_word' id='word_1_73' title='bbox 1585 960 1924 1012; x_wconf 79' lang='grc' dir='ltr'><em>διασπᾶσθαι</em></span> 
     </span>
     <span class='ocr_line' id='line_1_11' title="bbox 169 1043 1925 1116; baseline -0.001 -15"><span class='ocrx_word' id='word_1_74' title='bbox 169 1069 211 1101; x_wconf 82' lang='grc' dir='ltr'><em>ιο</em></span> <span class='ocrx_word' id='word_1_75' title='bbox 233 1047 429 1115; x_wconf 84' lang='grc' dir='ltr'><em>γονέας</em></span> <span class='ocrx_word' id='word_1_76' title='bbox 461 1048 567 1101; x_wconf 91' lang='grc' dir='ltr'><em>ἀπὸ</em></span> <span class='ocrx_word' id='word_1_77' title='bbox 599 1047 822 1101; x_wconf 87' lang='grc' dir='ltr'><em>τέκνων.</em></span> <span class='ocrx_word' id='word_1_78' title='bbox 885 1047 971 1100; x_wconf 82' lang='lat'><em>23.</em></span> <span class='ocrx_word' id='word_1_79' title='bbox 1010 1048 1166 1115; x_wconf 87' lang='grc' dir='ltr'><em>ὑμεῖς</em></span> <span class='ocrx_word' id='word_1_80' title='bbox 1197 1043 1301 1100; x_wconf 82' lang='grc' dir='ltr'><em>οὖν</em></span> <span class='ocrx_word' id='word_1_81' title='bbox 1331 1052 1509 1110; x_wconf 83' lang='grc' dir='ltr'><em>καλῶς</em></span> <span class='ocrx_word' id='word_1_82' title='bbox 1542 1049 1925 1116; x_wconf 78' lang='grc' dir='ltr'><em>στοχαζόμενοι</em></span> 
     </span>
     <span class='ocr_line' id='line_1_12' title="bbox 233 1134 1925 1206; baseline 0 -18"><span class='ocrx_word' id='word_1_83' title='bbox 233 1145 328 1205; x_wconf 83' lang='grc' dir='ltr'><em>τῆς</em></span> <span class='ocrx_word' id='word_1_84' title='bbox 381 1139 601 1206; x_wconf 88' lang='grc' dir='ltr'><em>γνώμης</em></span> <span class='ocrx_word' id='word_1_85' title='bbox 653 1146 765 1189; x_wconf 84' lang='grc' dir='ltr'><em>τῶν</em></span> <span class='ocrx_word' id='word_1_86' title='bbox 817 1138 1153 1205; x_wconf 80' lang='grc' dir='ltr'><em>γραμμάτων</em></span> <span class='ocrx_word' id='word_1_87' title='bbox 1206 1145 1304 1190; x_wconf 86' lang='grc' dir='ltr'><em>τοῦ</em></span> <span class='ocrx_word' id='word_1_88' title='bbox 1359 1134 1461 1205; x_wconf 74' lang='grc' dir='ltr'><em>μὲν</em></span> <span class='ocrx_word' id='word_1_89' title='bbox 1524 1138 1595 1200; x_wconf 84' lang='grc' dir='ltr'><em>ὡς</em></span> <span class='ocrx_word' id='word_1_90' title='bbox 1649 1135 1925 1203; x_wconf 81' lang='grc' dir='ltr'><em>ἐκβαλεῖτε</em></span> 
     </span>
     <span class='ocr_line' id='line_1_13' title="bbox 181 1216 1917 1296; baseline 0 -18"><span class='ocrx_word' id='word_1_91' title='bbox 181 1216 189 1221; x_wconf 55' lang='grc'><strong>”</strong></span> <span class='ocrx_word' id='word_1_92' title='bbox 232 1227 494 1288; x_wconf 75' lang='grc' dir='ltr'><em>πολλάκις</em></span> <span class='ocrx_word' id='word_1_93' title='bbox 534 1226 860 1294; x_wconf 80' lang='grc' dir='ltr'><em>ἐμνήσθητε,</em></span> <span class='ocrx_word' id='word_1_94' title='bbox 899 1227 961 1279; x_wconf 89' lang='grc' dir='ltr'><em>τὸ</em></span> <span class='ocrx_word' id='word_1_95' title='bbox 1003 1223 1063 1279; x_wconf 75' lang='grc' dir='ltr'><em>δὲ</em></span> <span class='ocrx_word' id='word_1_96' title='bbox 1097 1229 1262 1296; x_wconf 83' lang='grc' dir='ltr'><em>ἔργον</em></span> <span class='ocrx_word' id='word_1_97' title='bbox 1295 1226 1395 1295; x_wconf 88' lang='grc' dir='ltr'><em>οὐχ</em></span> <span class='ocrx_word' id='word_1_98' title='bbox 1428 1226 1767 1294; x_wconf 85' lang='grc' dir='ltr'><em>ὑπεμείνατε,</em></span> <span class='ocrx_word' id='word_1_99' title='bbox 1801 1221 1917 1278; x_wconf 85' lang='grc' dir='ltr'><em>ἀλλ’</em></span> 
     </span>
     <span class='ocr_line' id='line_1_14' title="bbox 234 1314 1924 1387; baseline 0 -21"><span class='ocrx_word' id='word_1_100' title='bbox 234 1314 293 1366; x_wconf 83' lang='grc' dir='ltr'><em>ἐν</em></span> <span class='ocrx_word' id='word_1_101' title='bbox 331 1320 405 1387; x_wconf 78' lang='grc' dir='ltr'><em>τῷ</em></span> <span class='ocrx_word' id='word_1_102' title='bbox 446 1319 744 1383; x_wconf 84' lang='grc' dir='ltr'><em>κεκτῆσθαι</em></span> <span class='ocrx_word' id='word_1_103' title='bbox 793 1315 1159 1385; x_wconf 83' lang='grc' dir='ltr'><em>ἐπεμελήθητε</em></span> <span class='ocrx_word' id='word_1_104' title='bbox 1205 1324 1317 1368; x_wconf 83' lang='grc' dir='ltr'><em>τῶν</em></span> <span class='ocrx_word' id='word_1_105' title='bbox 1362 1317 1596 1385; x_wconf 89' lang='grc' dir='ltr'><em>τρόπων.</em></span> <span class='ocrx_word' id='word_1_106' title='bbox 1673 1317 1924 1382; x_wconf 81' lang='grc' dir='ltr'><em>Νεοκλῆς</em></span> 
     </span>
     <span class='ocr_line' id='line_1_15' title="bbox 234 1398 1924 1472; baseline -0.001 -16"><span class='ocrx_word' id='word_1_107' title='bbox 234 1403 295 1456; x_wconf 81' lang='grc' dir='ltr'><em>δὲ</em></span> <span class='ocrx_word' id='word_1_108' title='bbox 333 1405 502 1471; x_wconf 86' lang='grc' dir='ltr'><em>μόνος</em></span> <span class='ocrx_word' id='word_1_109' title='bbox 539 1404 605 1456; x_wconf 80' lang='grc' dir='ltr'><em>τὰ</em></span> <span class='ocrx_word' id='word_1_110' title='bbox 643 1403 745 1472; x_wconf 83' lang='grc' dir='ltr'><em>μὲν</em></span> <span class='ocrx_word' id='word_1_111' title='bbox 784 1405 923 1456; x_wconf 79' lang='grc' dir='ltr'><em>ἄλλα</em></span> <span class='ocrx_word' id='word_1_112' title='bbox 956 1398 1140 1456; x_wconf 59' lang='grc' dir='ltr'><em>’πάντα</em></span> <span class='ocrx_word' id='word_1_113' title='bbox 1171 1403 1409 1472; x_wconf 80' lang='grc' dir='ltr'><em>ἡγήσατο</em></span> <span class='ocrx_word' id='word_1_114' title='bbox 1443 1403 1652 1471; x_wconf 82' lang='grc' dir='ltr'><em>ἀσθενῆ</em></span> <span class='ocrx_word' id='word_1_115' title='bbox 1684 1410 1924 1456; x_wconf 88' lang='grc' dir='ltr'><em>τοσαῦτα</em></span> 
     </span>
     <span class='ocr_line' id='line_1_16' title="bbox 167 1488 1923 1561; baseline -0.001 -17"><span class='ocrx_word' id='word_1_116' title='bbox 167 1511 209 1545; x_wconf 83' lang='lat'><em>15</em></span> <span class='ocrx_word' id='word_1_117' title='bbox 233 1490 323 1544; x_wconf 84' lang='grc' dir='ltr'><em>καὶ</em></span> <span class='ocrx_word' id='word_1_118' title='bbox 361 1496 658 1560; x_wconf 87' lang='grc' dir='ltr'><em>τηλικαῦτα</em></span> <span class='ocrx_word' id='word_1_119' title='bbox 697 1491 787 1545; x_wconf 86' lang='grc' dir='ltr'><em>καὶ</em></span> <span class='ocrx_word' id='word_1_120' title='bbox 827 1496 1053 1556; x_wconf 86' lang='grc' dir='ltr'><em>πολλοῖς</em></span> <span class='ocrx_word' id='word_1_121' title='bbox 1093 1491 1412 1561; x_wconf 80' lang='grc' dir='ltr'><em>ἀρέσκοντα,</em></span> <span class='ocrx_word' id='word_1_122' title='bbox 1451 1495 1585 1558; x_wconf 90' lang='grc' dir='ltr'><em>μιάν</em></span> <span class='ocrx_word' id='word_1_123' title='bbox 1624 1488 1684 1544; x_wconf 77' lang='grc' dir='ltr'><em>δὲ</em></span> <span class='ocrx_word' id='word_1_124' title='bbox 1723 1496 1923 1544; x_wconf 80' lang='grc' dir='ltr'><em>νουθε·</em></span> 
     </span>
     <span class='ocr_line' id='line_1_17' title="bbox 233 1578 1362 1650; baseline 0 -17"><span class='ocrx_word' id='word_1_125' title='bbox 233 1583 361 1633; x_wconf 89' lang='grc' dir='ltr'><em>σίαν</em></span> <span class='ocrx_word' id='word_1_126' title='bbox 397 1583 575 1650; x_wconf 89' lang='grc' dir='ltr'><em>μόνην</em></span> <span class='ocrx_word' id='word_1_127' title='bbox 615 1580 796 1649; x_wconf 86' lang='grc' dir='ltr'><em>μηκέτ’</em></span> <span class='ocrx_word' id='word_1_128' title='bbox 845 1578 992 1634; x_wconf 84' lang='grc' dir='ltr'><em>εἶναι’</em></span> <span class='ocrx_word' id='word_1_129' title='bbox 1027 1601 1134 1650; x_wconf 89' lang='grc' dir='ltr'><em>μου</em></span> <span class='ocrx_word' id='word_1_130' title='bbox 1173 1583 1362 1650; x_wconf 86' lang='grc' dir='ltr'><em>πατήρ.</em></span> 
     </span>
    </p>

    <p class='ocr_par' dir='ltr' id='par_1_3' title="bbox 230 1667 1922 1917">
     <span class='ocr_line' id='line_1_18' title="bbox 343 1667 1922 1739; baseline 0.001 -18"><span class='ocrx_word' id='word_1_131' title='bbox 343 1669 428 1722; x_wconf 81' lang='grc'><em>24.</em></span> <span class='ocrx_word' id='word_1_132' title='bbox 471 1672 665 1722; x_wconf 83' lang='grc' dir='ltr'><em>Καίτοι</em></span> <span class='ocrx_word' id='word_1_133' title='bbox 706 1672 806 1737; x_wconf 87' lang='grc' dir='ltr'><em>τήν</em></span> <span class='ocrx_word' id='word_1_134' title='bbox 839 1689 900 1738; x_wconf 91' lang='grc' dir='ltr'><em>γε</em></span> <span class='ocrx_word' id='word_1_135' title='bbox 932 1671 1106 1739; x_wconf 85' lang='grc' dir='ltr'><em>φύσιν</em></span> <span class='ocrx_word' id='word_1_136' title='bbox 1137 1672 1236 1739; x_wconf 89' lang='grc' dir='ltr'><em>τὴν</em></span> <span class='ocrx_word' id='word_1_137' title='bbox 1268 1668 1405 1738; x_wconf 81' lang='grc' dir='ltr'><em>ἐμὴν</em></span> <span class='ocrx_word' id='word_1_138' title='bbox 1437 1669 1600 1732; x_wconf 86' lang='grc' dir='ltr'><em>αὐτός</em></span> <span class='ocrx_word' id='word_1_139' title='bbox 1637 1689 1694 1722; x_wconf 87' lang='grc' dir='ltr'><em>τε</em></span> <span class='ocrx_word' id='word_1_140' title='bbox 1734 1667 1922 1738; x_wconf 80' lang='grc' dir='ltr'><em>ἐπῄνει</em></span> 
     </span>
     <span class='ocr_line' id='line_1_19' title="bbox 230 1757 1921 1827; baseline 0 -17"><span class='ocrx_word' id='word_1_141' title='bbox 230 1757 321 1810; x_wconf 84' lang='grc' dir='ltr'><em>καὶ</em></span> <span class='ocrx_word' id='word_1_142' title='bbox 368 1758 465 1810; x_wconf 91' lang='grc' dir='ltr'><em>τὸν</em></span> <span class='ocrx_word' id='word_1_143' title='bbox 511 1759 849 1811; x_wconf 89' lang='grc' dir='ltr'><em>διδάσκαλον</em></span> <span class='ocrx_word' id='word_1_144' title='bbox 901 1761 1003 1827; x_wconf 82' lang='grc' dir='ltr'><em>ἔφη</em></span> <span class='ocrx_word' id='word_1_145' title='bbox 1044 1759 1351 1827; x_wconf 80' lang='grc' dir='ltr'><em>θαυμάζειν</em></span> <span class='ocrx_word' id='word_1_146' title='bbox 1392 1760 1464 1821; x_wconf 85' lang='grc' dir='ltr'><em>ὡς</em></span> <span class='ocrx_word' id='word_1_147' title='bbox 1503 1759 1711 1826; x_wconf 90' lang='grc' dir='ltr'><em>μεγάλα</em></span> <span class='ocrx_word' id='word_1_148' title='bbox 1750 1758 1921 1826; x_wconf 86' lang='grc' dir='ltr'><em>πράγ-</em></span> 
     </span>
     <span class='ocr_line' id='line_1_20' title="bbox 231 1845 1921 1917; baseline 0.001 -19"><span class='ocrx_word' id='word_1_149' title='bbox 231 1866 371 1915; x_wconf 90' lang='grc' dir='ltr'><em>ματα</em></span> <span class='ocrx_word' id='word_1_150' title='bbox 427 1846 866 1916; x_wconf 87' lang='grc' dir='ltr'><em>ἀναιρησομένην</em></span> <span class='ocrx_word' id='word_1_151' title='bbox 918 1851 1014 1900; x_wconf 86' lang='grc' dir='ltr'><em>καί</em></span> <span class='ocrx_word' id='word_1_152' title='bbox 1056 1868 1179 1901; x_wconf 91' lang='grc' dir='ltr'><em>τινα</em></span> <span class='ocrx_word' id='word_1_153' title='bbox 1225 1845 1461 1917; x_wconf 79' lang='grc' dir='ltr'><em>ἔχουσαν</em></span> <span class='ocrx_word' id='word_1_154' title='bbox 1510 1847 1568 1900; x_wconf 84' lang='grc' dir='ltr'><em>ἐν</em></span> <span class='ocrx_word' id='word_1_155' title='bbox 1616 1846 1751 1917; x_wconf 76' lang='grc' dir='ltr'><em>αὑτῇ</em></span> <span class='ocrx_word' id='word_1_156' title='bbox 1800 1865 1921 1914; x_wconf 89' lang='grc' dir='ltr'><em>γεν-</em></span> 
     </span>
    </p>

    <p class='ocr_par' dir='ltr' id='par_1_4' title="bbox 166 1932 1920 2093">
     <span class='ocr_line' id='line_1_21' title="bbox 166 1932 1920 2006; baseline -0.002 -15"><span class='ocrx_word' id='word_1_157' title='bbox 166 1959 209 1991; x_wconf 80' lang='lat'><em>20</em></span> <span class='ocrx_word' id='word_1_158' title='bbox 231 1937 504 2004; x_wconf 88' lang='grc' dir='ltr'><em>ναιότητα.</em></span> <span class='ocrx_word' id='word_1_159' title='bbox 545 1936 627 1988; x_wconf 81' lang='grc' dir='ltr'><em>ὅτι</em></span> <span class='ocrx_word' id='word_1_160' title='bbox 668 1936 729 1989; x_wconf 78' lang='grc' dir='ltr'><em>δὲ</em></span> <span class='ocrx_word' id='word_1_161' title='bbox 767 1936 868 2004; x_wconf 87' lang='grc' dir='ltr'><em>τὴν</em></span> <span class='ocrx_word' id='word_1_162' title='bbox 909 1932 1016 1989; x_wconf 82' lang='grc' dir='ltr'><em>ὧδε</em></span> <span class='ocrx_word' id='word_1_163' title='bbox 1055 1934 1293 2006; x_wconf 81' lang='grc' dir='ltr'><em>ἔχουσαν</em></span> <span class='ocrx_word' id='word_1_164' title='bbox 1333 1936 1433 1990; x_wconf 89' lang='grc' dir='ltr'><em>οὐκ</em></span> <span class='ocrx_word' id='word_1_165' title='bbox 1465 1933 1616 1989; x_wconf 79' lang='grc' dir='ltr'><em>ἔστιν</em></span> <span class='ocrx_word' id='word_1_166' title='bbox 1648 1936 1920 2006; x_wconf 83' lang='grc' dir='ltr'><em>ἀτρεμεῖν,</em></span> 
     </span>
     <span class='ocr_line' id='line_1_22' title="bbox 232 2022 1917 2093; baseline 0 -17"><span class='ocrx_word' id='word_1_167' title='bbox 232 2022 349 2076; x_wconf 91' lang='grc' dir='ltr'><em>ἀλλ’</em></span> <span class='ocrx_word' id='word_1_168' title='bbox 395 2024 605 2092; x_wconf 79' lang='grc' dir='ltr'><em>ἀνάγκη</em></span> <span class='ocrx_word' id='word_1_169' title='bbox 652 2034 834 2077; x_wconf 90' lang='grc' dir='ltr'><em>ποιεῖν</em></span> <span class='ocrx_word' id='word_1_170' title='bbox 879 2028 940 2078; x_wconf 89' lang='grc' dir='ltr'><em>τὸ</em></span> <span class='ocrx_word' id='word_1_171' title='bbox 988 2035 1099 2078; x_wconf 85' lang='grc' dir='ltr'><em>τῶν</em></span> <span class='ocrx_word' id='word_1_172' title='bbox 1153 2027 1425 2093; x_wconf 83' lang='grc' dir='ltr'><em>γενναίων</em></span> <span class='ocrx_word' id='word_1_173' title='bbox 1478 2025 1702 2092; x_wconf 84' lang='grc' dir='ltr'><em>πώλων,</em></span> <span class='ocrx_word' id='word_1_174' title='bbox 1756 2031 1917 2077; x_wconf 88' lang='grc' dir='ltr'><em>τοῦτο</em></span> 
     </span>
    </p>
   </div>
   <div class='ocr_carea' id='block_1_3' title="bbox 232 2142 588 2151">
    <p class='ocr_par' dir='ltr' id='par_1_5' title="bbox 232 2142 588 2151">
     <span class='ocr_line' id='line_1_23' title="bbox 232 2142 588 2151; baseline 0 0"><span class='ocrx_word' id='word_1_175' title='bbox 232 2142 588 2151; x_wconf 95' lang='lat' dir='ltr'><em> </em></span> 
     </span>
    </p>
   </div>
   <div class='ocr_carea' id='block_1_4' title="bbox 352 2198 1716 2256">
    <p class='ocr_par' dir='ltr' id='par_1_6' title="bbox 352 2198 1716 2256">
     <span class='ocr_line' id='line_1_24' title="bbox 352 2198 1716 2256; baseline 0.001 -15"><span class='ocrx_word' id='word_1_176' title='bbox 352 2203 405 2243; x_wconf 90' lang='grc'><em>18</em></span> <span class='ocrx_word' id='word_1_177' title='bbox 439 2198 495 2242; x_wconf 83' lang='lat' dir='ltr'><em>cf.</em></span> <span class='ocrx_word' id='word_1_178' title='bbox 528 2214 572 2255; x_wconf 89' lang='lat' dir='ltr'><em>p.</em></span> <span class='ocrx_word' id='word_1_179' title='bbox 598 2204 699 2255; x_wconf 83' lang='lat'>462,</span> <span class='ocrx_word' id='word_1_180' title='bbox 727 2205 782 2242; x_wconf 89' lang='lat'><em>10</em></span> <span class='ocrx_word' id='word_1_181' title='bbox 906 2205 957 2242; x_wconf 87' lang='grc'><em>19</em></span> <span class='ocrx_word' id='word_1_182' title='bbox 991 2199 1109 2243; x_wconf 70' lang='lat' dir='ltr'>Plat.</span> <span class='ocrx_word' id='word_1_183' title='bbox 1143 2199 1232 2256; x_wconf 83' lang='lat' dir='ltr'>leg.</span> <span class='ocrx_word' id='word_1_184' title='bbox 1258 2200 1321 2242; x_wconf 94' lang='lat' dir='ltr'><em>XI</em></span> <span class='ocrx_word' id='word_1_185' title='bbox 1352 2215 1396 2256; x_wconf 92' lang='lat' dir='ltr'><em>p.</em></span> <span class='ocrx_word' id='word_1_186' title='bbox 1424 2204 1506 2243; x_wconf 85' lang='lat'><em>921</em></span> <span class='ocrx_word' id='word_1_187' title='bbox 1527 2200 1567 2242; x_wconf 86' lang='lat' dir='ltr'>A</span> <span class='ocrx_word' id='word_1_188' title='bbox 1599 2201 1647 2243; x_wconf 77' lang='lat' dir='ltr'><em>et</em></span> <span class='ocrx_word' id='word_1_189' title='bbox 1677 2199 1716 2242; x_wconf 95' lang='lat' dir='ltr'>D</span> 
     </span>
    </p>
   </div>
   <div class='ocr_carea' id='block_1_5' title="bbox 311 2306 588 2314">
    <p class='ocr_par' dir='ltr' id='par_1_7' title="bbox 311 2306 588 2314">
     <span class='ocr_line' id='line_1_25' title="bbox 311 2306 588 2314; baseline 0 0"><span class='ocrx_word' id='word_1_190' title='bbox 311 2306 588 2314; x_wconf 95' lang='lat' dir='ltr'><em> </em></span> 
     </span>
    </p>
   </div>
   <div class='ocr_carea' id='block_1_6' title="bbox 353 2359 1917 2418">
    <p class='ocr_par' dir='ltr' id='par_1_8' title="bbox 353 2359 1917 2418">
     <span class='ocr_line' id='line_1_26' title="bbox 353 2359 1917 2418; baseline 0 -13"><span class='ocrx_word' id='word_1_191' title='bbox 353 2368 374 2405; x_wconf 86' lang='lat'>1</span> <span class='ocrx_word' id='word_1_192' title='bbox 410 2360 574 2418; x_wconf 84' lang='grc' dir='ltr'><em>φίλους</em></span> <span class='ocrx_word' id='word_1_193' title='bbox 605 2376 680 2406; x_wconf 89' lang='lat' dir='ltr'><em>om</em></span> <span class='ocrx_word' id='word_1_194' title='bbox 711 2364 746 2406; x_wconf 93' lang='grc' dir='ltr'><em>Ι</em></span> <span class='ocrx_word' id='word_1_195' title='bbox 883 2368 907 2404; x_wconf 73' lang='grc'><em>’2</em></span> <span class='ocrx_word' id='word_1_196' title='bbox 942 2361 1078 2407; x_wconf 72' lang='grc' dir='ltr'><em>ἕνεκα</em></span> <span class='ocrx_word' id='word_1_197' title='bbox 1105 2364 1185 2406; x_wconf 89' lang='grc' dir='ltr'><em>ΒΙ</em></span> <span class='ocrx_word' id='word_1_198' title='bbox 1321 2367 1345 2405; x_wconf 83' lang='grc'>5</span> <span class='ocrx_word' id='word_1_199' title='bbox 1383 2359 1434 2405; x_wconf 74' lang='grc' dir='ltr'><em>δὲ</em></span> <span class='ocrx_word' id='word_1_200' title='bbox 1467 2376 1541 2406; x_wconf 93' lang='lat' dir='ltr'><em>om</em></span> <span class='ocrx_word' id='word_1_201' title='bbox 1569 2361 1606 2405; x_wconf 82' lang='lat' dir='ltr'><em>C</em></span> <span class='ocrx_word' id='word_1_202' title='bbox 1651 2364 1656 2417; x_wconf 86' lang='grc' dir='ltr'>Ι</span> <span class='ocrx_word' id='word_1_203' title='bbox 1708 2360 1917 2418; x_wconf 80' lang='grc' dir='ltr'><em>οὐδενὸς]</em></span> 
     </span>
    </p>
   </div>
   <div class='ocr_carea' id='block_1_7' title="bbox 230 2437 1917 2966">
    <p class='ocr_par' dir='ltr' id='par_1_9' title="bbox 233 2437 1917 2502">
     <span class='ocr_line' id='line_1_27' title="bbox 233 2437 1917 2502; baseline -0.001 -8"><span class='ocrx_word' id='word_1_204' title='bbox 233 2451 424 2502; x_wconf 81' lang='grc' dir='ltr'><em>οὐδενὸς</em></span> <span class='ocrx_word' id='word_1_205' title='bbox 447 2450 557 2494; x_wconf 80' lang='grc' dir='ltr'><em>οὐδὲ</em></span> <span class='ocrx_word' id='word_1_206' title='bbox 585 2452 665 2496; x_wconf 88' lang='grc' dir='ltr'><em>ΟΒ</em></span> <span class='ocrx_word' id='word_1_207' title='bbox 727 2450 920 2501; x_wconf 84' lang='grc' dir='ltr'><em>οὐδενὸς</em></span> <span class='ocrx_word' id='word_1_208' title='bbox 952 2465 1057 2494; x_wconf 82' lang='lat' dir='ltr'><em>cum</em></span> <span class='ocrx_word' id='word_1_209' title='bbox 1081 2465 1153 2494; x_wconf 81' lang='lat' dir='ltr'><em>ras</em></span> <span class='ocrx_word' id='word_1_210' title='bbox 1187 2456 1214 2494; x_wconf 84' lang='lat'>4</span> <span class='ocrx_word' id='word_1_211' title='bbox 1238 2450 1373 2494; x_wconf 74' lang='lat' dir='ltr'><strong>littL</strong></span> <span class='ocrx_word' id='word_1_212' title='bbox 1435 2450 1627 2500; x_wconf 85' lang='grc' dir='ltr'><em>οὐδενὸς</em></span> <span class='ocrx_word' id='word_1_213' title='bbox 1659 2437 1819 2501; x_wconf 53' lang='grc' dir='ltr'><em>ὅνῖςΙ</em></span> <span class='ocrx_word' id='word_1_214' title='bbox 1835 2449 1917 2493; x_wconf 84' lang='lat' dir='ltr'><em>sed</em></span> 
     </span>
    </p>

    <p class='ocr_par' dir='ltr' id='par_1_10' title="bbox 230 2505 1917 2568">
     <span class='ocr_line' id='line_1_28' title="bbox 230 2505 1917 2568; baseline -0.001 -16"><span class='ocrx_word' id='word_1_215' title='bbox 230 2525 255 2551; x_wconf 83' lang='grc' dir='ltr'><em>τ</em></span> <span class='ocrx_word' id='word_1_216' title='bbox 283 2523 496 2566; x_wconf 80' lang='lat' dir='ltr'>suprascr</span> <span class='ocrx_word' id='word_1_217' title='bbox 527 2510 596 2553; x_wconf 75' lang='lat' dir='ltr'><em>m’</em></span> <span class='ocrx_word' id='word_1_218' title='bbox 657 2510 766 2554; x_wconf 81' lang='grc' dir='ltr'><em>οὐδὲ</em></span> <span class='ocrx_word' id='word_1_219' title='bbox 789 2511 897 2554; x_wconf 83' lang='lat' dir='ltr'><em>Lau</em></span> <span class='ocrx_word' id='word_1_220' title='bbox 958 2523 1060 2553; x_wconf 81' lang='lat' dir='ltr'>corr</span> <span class='ocrx_word' id='word_1_221' title='bbox 1083 2509 1184 2553; x_wconf 90' lang='lat' dir='ltr'><em>Mor</em></span> <span class='ocrx_word' id='word_1_222' title='bbox 1304 2513 1330 2552; x_wconf 90' lang='lat'>8</span> <span class='ocrx_word' id='word_1_223' title='bbox 1364 2509 1567 2568; x_wconf 84' lang='grc' dir='ltr'><em>φοβερὸν</em></span> <span class='ocrx_word' id='word_1_224' title='bbox 1600 2509 1704 2552; x_wconf 85' lang='lat' dir='ltr'>coni</span> <span class='ocrx_word' id='word_1_225' title='bbox 1726 2509 1796 2553; x_wconf 78' lang='lat' dir='ltr'><em>Re</em></span> <span class='ocrx_word' id='word_1_226' title='bbox 1822 2509 1828 2564; x_wconf 87' lang='grc'>1</span> <span class='ocrx_word' id='word_1_227' title='bbox 1857 2505 1917 2552; x_wconf 75' lang='grc' dir='ltr'><em>ἂν</em></span> 
     </span>
    </p>

    <p class='ocr_par' dir='ltr' id='par_1_11' title="bbox 230 2566 1915 2685">
     <span class='ocr_line' id='line_1_29' title="bbox 230 2566 1915 2626; baseline -0.001 -15"><span class='ocrx_word' id='word_1_228' title='bbox 230 2569 404 2612; x_wconf 81' lang='lat' dir='ltr'>inserui</span> <span class='ocrx_word' id='word_1_229' title='bbox 436 2582 461 2612; x_wconf 82' lang='lat' dir='ltr'>e</span> <span class='ocrx_word' id='word_1_230' title='bbox 494 2569 716 2614; x_wconf 74' lang='lat' dir='ltr'><em>CBILau</em></span> <span class='ocrx_word' id='word_1_231' title='bbox 775 2582 850 2612; x_wconf 83' lang='lat' dir='ltr'><em>ras</em></span> <span class='ocrx_word' id='word_1_232' title='bbox 886 2574 914 2612; x_wconf 90' lang='lat'>4</span> <span class='ocrx_word' id='word_1_233' title='bbox 945 2568 1024 2612; x_wconf 66' lang='lat' dir='ltr'>litia</span> <span class='ocrx_word' id='word_1_234' title='bbox 1047 2568 1091 2612; x_wconf 88' lang='lat' dir='ltr'><em>L</em></span> <span class='ocrx_word' id='word_1_235' title='bbox 1153 2582 1227 2612; x_wconf 91' lang='lat' dir='ltr'><em>om</em></span> <span class='ocrx_word' id='word_1_236' title='bbox 1260 2568 1351 2613; x_wconf 84' lang='lat' dir='ltr'><em>edd</em></span> <span class='ocrx_word' id='word_1_237' title='bbox 1393 2573 1399 2617; x_wconf 75' lang='grc' dir='ltr'>ἰ</span> <span class='ocrx_word' id='word_1_238' title='bbox 1443 2567 1718 2626; x_wconf 84' lang='grc' dir='ltr'><em>γιγνόμενον</em></span> <span class='ocrx_word' id='word_1_239' title='bbox 1749 2568 1793 2612; x_wconf 87' lang='lat' dir='ltr'><em>L</em></span> <span class='ocrx_word' id='word_1_240' title='bbox 1825 2566 1915 2610; x_wconf 84' lang='lat' dir='ltr'><em>edd</em></span> 
     </span>
     <span class='ocr_line' id='line_1_30' title="bbox 350 2624 1915 2685; baseline -0.001 -15"><span class='ocrx_word' id='word_1_241' title='bbox 350 2634 374 2670; x_wconf 81' lang='grc'><strong>9</strong></span> <span class='ocrx_word' id='word_1_242' title='bbox 408 2629 674 2671; x_wconf 86' lang='grc' dir='ltr'><em>διασπασθε</em></span> <span class='ocrx_word' id='word_1_243' title='bbox 699 2629 808 2671; x_wconf 81' lang='lat' dir='ltr'><em>Lau</em></span> <span class='ocrx_word' id='word_1_244' title='bbox 932 2633 985 2672; x_wconf 92' lang='grc'><em>10</em></span> <span class='ocrx_word' id='word_1_245' title='bbox 1018 2628 1144 2684; x_wconf 84' lang='grc' dir='ltr'><em>ὑμεῖς</em></span> <span class='ocrx_word' id='word_1_246' title='bbox 1169 2626 1288 2685; x_wconf 77' lang='grc' dir='ltr'><em>(μὲν</em></span> <span class='ocrx_word' id='word_1_247' title='bbox 1350 2625 1464 2672; x_wconf 56' lang='lat' dir='ltr'><em>obv?</em></span> <span class='ocrx_word' id='word_1_248' title='bbox 1611 2633 1662 2670; x_wconf 88' lang='lat'><em>11</em></span> <span class='ocrx_word' id='word_1_249' title='bbox 1697 2624 1915 2684; x_wconf 81' lang='grc' dir='ltr'><em>ἐκβάλητε</em></span> 
     </span>
    </p>

    <p class='ocr_par' dir='ltr' id='par_1_12' title="bbox 235 2684 1786 2743">
     <span class='ocr_line' id='line_1_31' title="bbox 235 2684 1786 2743; baseline -0.002 -12"><span class='ocrx_word' id='word_1_250' title='bbox 235 2686 273 2731; x_wconf 82' lang='lat' dir='ltr'><em>G</em></span> <span class='ocrx_word' id='word_1_251' title='bbox 412 2691 466 2729; x_wconf 83' lang='lat'><em>14</em></span> <span class='ocrx_word' id='word_1_252' title='bbox 506 2685 660 2731; x_wconf 83' lang='grc' dir='ltr'><em>πάντα</em></span> <span class='ocrx_word' id='word_1_253' title='bbox 692 2701 767 2730; x_wconf 91' lang='lat' dir='ltr'><em>om</em></span> <span class='ocrx_word' id='word_1_254' title='bbox 793 2687 830 2730; x_wconf 78' lang='grc' dir='ltr'><em>Ο</em></span> <span class='ocrx_word' id='word_1_255' title='bbox 882 2689 888 2743; x_wconf 81' lang='grc' dir='ltr'>Ι</span> <span class='ocrx_word' id='word_1_256' title='bbox 935 2694 1138 2731; x_wconf 82' lang='grc' dir='ltr'><em>τοσαῦτα</em></span> <span class='ocrx_word' id='word_1_257' title='bbox 1163 2688 1198 2730; x_wconf 94' lang='grc' dir='ltr'><em>Ι</em></span> <span class='ocrx_word' id='word_1_258' title='bbox 1222 2699 1269 2730; x_wconf 83' lang='lat' dir='ltr'><em>se</em></span> <span class='ocrx_word' id='word_1_259' title='bbox 1336 2685 1449 2731; x_wconf 85' lang='grc' dir='ltr'><em>ὄντα</em></span> <span class='ocrx_word' id='word_1_260' title='bbox 1481 2699 1694 2742; x_wconf 81' lang='lat' dir='ltr'><strong>suprascr</strong></span> <span class='ocrx_word' id='word_1_261' title='bbox 1716 2684 1786 2729; x_wconf 85' lang='lat' dir='ltr'><em>m²</em></span> 
     </span>
    </p>

    <p class='ocr_par' dir='ltr' id='par_1_13' title="bbox 234 2744 1806 2802">
     <span class='ocr_line' id='line_1_32' title="bbox 234 2744 1806 2802; baseline 0 -14"><span class='ocrx_word' id='word_1_262' title='bbox 234 2750 287 2788; x_wconf 89' lang='grc'><em>16</em></span> <span class='ocrx_word' id='word_1_263' title='bbox 313 2744 480 2801; x_wconf 83' lang='grc' dir='ltr'><em>ἱκανὴν</em></span> <span class='ocrx_word' id='word_1_264' title='bbox 503 2748 611 2801; x_wconf 79' lang='lat' dir='ltr'>post</span> <span class='ocrx_word' id='word_1_265' title='bbox 635 2744 781 2802; x_wconf 85' lang='grc' dir='ltr'><em>μόνην</em></span> <span class='ocrx_word' id='word_1_266' title='bbox 805 2746 1100 2789; x_wconf 83' lang='lat' dir='ltr'>inserendum</span> <span class='ocrx_word' id='word_1_267' title='bbox 1127 2746 1230 2789; x_wconf 87' lang='lat' dir='ltr'>coni</span> <span class='ocrx_word' id='word_1_268' title='bbox 1248 2744 1404 2790; x_wconf 83' lang='lat' dir='ltr'><strong>Gasda</strong></span> <span class='ocrx_word' id='word_1_269' title='bbox 1526 2749 1581 2788; x_wconf 83' lang='lat'><em>17</em></span> <span class='ocrx_word' id='word_1_270' title='bbox 1605 2761 1653 2789; x_wconf 86' lang='grc' dir='ltr'><em>τε</em></span> <span class='ocrx_word' id='word_1_271' title='bbox 1677 2759 1752 2788; x_wconf 89' lang='lat' dir='ltr'><em>om</em></span> <span class='ocrx_word' id='word_1_272' title='bbox 1770 2745 1806 2788; x_wconf 93' lang='lat' dir='ltr'><strong><em>I</em></strong></span> 
     </span>
    </p>

    <p class='ocr_par' dir='ltr' id='par_1_14' title="bbox 234 2801 1909 2861">
     <span class='ocr_line' id='line_1_33' title="bbox 234 2801 1909 2861; baseline -0.001 -15"><span class='ocrx_word' id='word_1_273' title='bbox 234 2807 287 2847; x_wconf 88' lang='lat'><em>19</em></span> <span class='ocrx_word' id='word_1_274' title='bbox 329 2804 701 2861; x_wconf 77' lang='grc' dir='ltr'><em>ἀναιρησομένην</em></span> <span class='ocrx_word' id='word_1_275' title='bbox 740 2805 903 2861; x_wconf 82' lang='lat' dir='ltr'>scripsi</span> <span class='ocrx_word' id='word_1_276' title='bbox 936 2818 961 2848; x_wconf 82' lang='lat' dir='ltr'>e</span> <span class='ocrx_word' id='word_1_277' title='bbox 996 2805 1217 2849; x_wconf 78' lang='lat' dir='ltr'><strong><em>OBILau</em></strong></span> <span class='ocrx_word' id='word_1_278' title='bbox 1294 2801 1666 2860; x_wconf 84' lang='grc' dir='ltr'><em>ἀνευρησομένην</em></span> <span class='ocrx_word' id='word_1_279' title='bbox 1697 2804 1740 2847; x_wconf 88' lang='lat' dir='ltr'><strong><em>L</em></strong></span> <span class='ocrx_word' id='word_1_280' title='bbox 1779 2802 1871 2847; x_wconf 82' lang='lat' dir='ltr'><em>edd</em></span> <span class='ocrx_word' id='word_1_281' title='bbox 1907 2802 1909 2830; x_wconf 68' lang='lat'>¹</span> 
     </span>
    </p>

    <p class='ocr_par' dir='ltr' id='par_1_15' title="bbox 231 2862 1914 2964">
     <span class='ocr_line' id='line_1_34' title="bbox 231 2862 1914 2964; baseline -0.001 -59"><span class='ocrx_word' id='word_1_282' title='bbox 231 2862 347 2964; x_wconf 53' lang='grc' dir='ltr'><em>οΙιΙὺΞτῇ</em></span> <span class='ocrx_word' id='word_1_283' title='bbox 380 2863 543 2918; x_wconf 78' lang='lat' dir='ltr'>scripsi</span> <span class='ocrx_word' id='word_1_284' title='bbox 568 2876 623 2906; x_wconf 84' lang='lat' dir='ltr'><em>ex</em></span> <span class='ocrx_word' id='word_1_285' title='bbox 647 2865 682 2907; x_wconf 92' lang='lat' dir='ltr'><em>I</em></span> <span class='ocrx_word' id='word_1_286' title='bbox 736 2864 852 2921; x_wconf 82' lang='grc' dir='ltr'><em>αὐτῇ</em></span> <span class='ocrx_word' id='word_1_287' title='bbox 880 2864 1116 2907; x_wconf 70' lang='lat' dir='ltr'><strong><em>GBLLau</em></strong></span> <span class='ocrx_word' id='word_1_288' title='bbox 1142 2863 1230 2906; x_wconf 85' lang='lat' dir='ltr'><em>edd</em></span> <span class='ocrx_word' id='word_1_289' title='bbox 1353 2867 1408 2906; x_wconf 80' lang='lat'><em>20</em></span> <span class='ocrx_word' id='word_1_290' title='bbox 1439 2862 1487 2908; x_wconf 77' lang='grc' dir='ltr'><em>τὲ</em></span> <span class='ocrx_word' id='word_1_291' title='bbox 1514 2863 1552 2908; x_wconf 79' lang='grc' dir='ltr'><em>Ο</em></span> <span class='ocrx_word' id='word_1_292' title='bbox 1597 2865 1602 2918; x_wconf 88' lang='grc' dir='ltr'>Ι</span> <span class='ocrx_word' id='word_1_293' title='bbox 1650 2863 1735 2918; x_wconf 82' lang='grc' dir='ltr'><em>τὴν</em></span> <span class='ocrx_word' id='word_1_294' title='bbox 1759 2862 1808 2904; x_wconf 89' lang='lat' dir='ltr'><em>in</em></span> <span class='ocrx_word' id='word_1_295' title='bbox 1838 2873 1914 2904; x_wconf 83' lang='lat' dir='ltr'><em>ras</em></span> 
     </span>
    </p>

    <p class='ocr_par' dir='ltr' id='par_1_16' title="bbox 419 2921 771 2966">
     <span class='ocr_line' id='line_1_35' title="bbox 419 2921 771 2966; baseline 0.009 -3"><span class='ocrx_word' id='word_1_296' title='bbox 419 2927 471 2965; x_wconf 79' lang='lat'><em>21</em></span> <span class='ocrx_word' id='word_1_297' title='bbox 504 2921 630 2966; x_wconf 86' lang='grc' dir='ltr'><em>τοῦτ’</em></span> <span class='ocrx_word' id='word_1_298' title='bbox 662 2924 771 2966; x_wconf 79' lang='lat' dir='ltr'><em>Lau</em></span> 
     </span>
    </p>
   </div>
  </div>
 </body>
</html>
