2026 3192
688 151 934 197 ORESTIS
966 151 1266 198 DEFENSIO
1708 155 1741 206 3
1749 155 1777 207 7
1788 156 1812 206 1

123 287 184 351 ὃς
227 287 319 341 καὶ
373 296 537 343 τοῦτο
593 299 814 360 πρῶτον
868 289 1298 359 ἐπισκεψάμενος
1352 292 1670 359 πρεπόντως
1724 291 1815 360 ἁρ-

119 380 274 445 μόσει
313 380 410 440 τὰς
448 388 559 431 τῶν
600 380 783 447 λόγων
824 378 996 447 ἰδέας,
1047 381 1261 447 ζητήσει
1301 379 1362 432 δὲ
1399 383 1473 449 μή
1512 399 1564 433 τι
1603 382 1817 450 πρόσω-

120 486 228 520 πον
280 466 312 535 ἢ
362 468 550 536 καιρὸς
597 469 631 536 ἤ
685 487 736 520 τι
792 466 983 537 ἕτερον
1038 467 1290 531 ἐναντίας
1343 470 1477 522 ὄντα
1531 471 1818 538 ποιότητος

121 554 206 624 ἐφ’
262 554 455 625 ἑτέραν
500 556 746 625 βιάζηται
800 558 899 610 τὸν
953 559 1122 625 λόγον
1172 555 1338 610 ἰδέαν.
1418 558 1466 610 2.
1513 559 1574 611 τὸ
1623 562 1818 611 τοίνυν

118 647 481 716 προκείμενον
512 645 646 714 ἡμῖν
677 647 881 714 ζήτημα
911 647 1227 714 παθητικὴν
1257 644 1358 714 μὲν
1389 643 1500 715 ἔχει
1531 649 1633 716 τὴν
1656 647 1815 716 ὕλην,
1862 670 1883 703 5

118 735 499 803 καταφορικὴν
539 731 600 787 δὲ
638 736 741 803 τὴν
774 734 946 802 ἰδέαν,
986 735 1121 788 ὅσον
1161 735 1219 788 ἐκ
1261 743 1357 804 τῆς
1396 736 1617 804 φύσεως
1658 736 1817 790 ἀπαι-

120 831 214 876 τεῖ.
282 821 631 892 Ἀγαμέμνων
670 824 775 893 γὰρ
816 822 878 877 ἐν
915 830 992 896 τῷ
1032 825 1179 896 λόγῳ
1218 823 1309 877 καὶ
1350 827 1818 895 Κλυταιμνήστρα

117 910 204 965 καὶ
246 912 313 965 τὰ
353 913 509 965 δεινὰ
549 913 857 982 διηγήματα
896 913 949 978 ἐξ
991 908 1070 966 ὧν
1108 916 1335 983 πλήρεις
1382 915 1443 967 αἰ
1486 913 1683 983 σκηναὶ
1726 915 1815 968 καὶ

116 1002 417 1074 τραγῳδίαι
449 1005 822 1055 συνίστανται.
900 1003 949 1055 3.
988 1006 1048 1056 τί
1082 999 1185 1056 οὖν
1224 1003 1283 1056 έκ
1321 1012 1434 1056 τῶν
1480 1004 1817 1072 πραγμάτων

117 1090 457 1155 ἀκόλουθονς
508 1091 951 1160 ἀντεγκαλοῦντα
997 1093 1097 1146 τὸν
1128 1089 1386 1162 Ὀρέστην
1432 1101 1495 1162 τῇ
1534 1091 1699 1163 μητρὶ
1738 1099 1813 1165 τῷ

115 1178 229 1233 κατ’
277 1181 445 1249 αὐτῆς
483 1185 649 1253 θυμῷ
682 1181 1066 1251 σφοδροτέραν
1112 1183 1215 1251 τὴν
1260 1184 1597 1252 κατηγορίαν
1642 1191 1814 1235 ποιεῖ-

115 1275 265 1323 σθαι.
305 1272 439 1339 μίαν
478 1271 582 1340 γὰρ
623 1269 930 1339 ἀπολογίαν
975 1268 1085 1341 ἔχει
1133 1273 1199 1324 τὰ
1245 1268 1361 1324 κατ’
1408 1272 1575 1339 αὐτῆς
1624 1271 1813 1340 ἐγκλή-

114 1379 256 1429 ματα
295 1358 385 1412 καὶ
427 1358 497 1412 δι’
546 1356 625 1413 ὧν
656 1360 808 1424 αὔξει
840 1367 1013 1413 ταῦτα
1051 1361 1154 1429 τὴν
1187 1359 1387 1413 ἑαυτοῦ
1419 1360 1621 1429 πρᾶξιν
1653 1360 1813 1414 ἀνεύ-

234 1554 259 1593 6
293 1549 445 1594 Schol.
478 1549 528 1594 in
558 1550 776 1608 Hermog.
811 1551 869 1595 de
899 1551 962 1595 id.
997 1551 1141 1596 t.V11
1172 1567 1217 1609 p.
1246 1556 1347 1607 903,
1366 1551 1522 1606 23W;
1572 1552 1720 1596 Anon.
1755 1552 1812 1596 de

114 1608 190 1667 fig
223 1609 388 1654 t.V111
419 1624 464 1666 p.
492 1614 593 1666 622,
611 1614 667 1654 20

235 1793 258 1831 7
292 1786 578 1845 Αγαμέμνων
610 1788 730 1833 κατὰ
762 1790 846 1845 μὲν
866 1787 1074 1846 ’Όμηρον
1107 1789 1173 1862 (ΙΙ.
1208 1793 1233 1834 λ
1259 1792 1360 1847 131)
1393 1788 1573 1845 Ἀτρέως
1602 1796 1685 1834 τοῦ
1717 1790 1812 1834 Πέ-

113 1850 266 1900 λοπος,
291 1847 462 1904 μητρὸς
486 1847 537 1892 δὲ
560 1846 785 1905 Αερόπης,
810 1848 931 1893 κατὰ
956 1850 1007 1894 ὸὲ
1025 1847 1247 1893 Ησίοὸον
1272 1849 1348 1922 (οἱ.
1366 1849 1518 1893 TzetZ.
1538 1863 1664 1907 exeg.
1691 1850 1741 1892 in
1757 1850 1807 1893 Il.

113 1922 157 1964 p.
170 1911 242 1961 68,
252 1912 308 1950 20
318 1906 379 1964 Η)
389 1907 708 1960 Πλεισθένους
723 1908 775 1952 τὸ
788 1925 922 1966 γενος
931 1907 1248 1964 Μυκηναιος
1229 1925 1279 1960 ος
1300 1908 1438 1966 ἤγαγε
1454 1907 1604 1966 χιλίας
1622 1923 1675 1952 σν
1694 1916 1811 1962 ναῦς

114 1966 181 2017 εἰς
196 1964 352 2021 Ἴλιον,
370 1966 668 2022 ἐκπορθήσας
694 1966 746 2012 δὲ
771 1968 885 2011 αὐτὸ
911 1968 970 2025 δὴ
994 1968 1046 2012 τὸ
1066 1966 1205 2012 Ἴλιον
1230 1970 1308 2012 καὶ
1325 1966 1624 2023 ὑποστρέψας
1647 1967 1809 2013 οἴκαδε

113 2026 374 2080 ἀναιρεῖται
402 2027 493 2070 ὑπὸ
518 2025 752 2084 Αἰγίσθου
778 2026 1006 2084 (αἰγίστου
1031 2028 1134 2084 cod)
1158 2035 1240 2071 τοῦ
1271 2027 1475 2072 Θυέστου
1507 2026 1639 2087 δόλῳ.
1674 2024 1810 2080 οὗτος

113 2086 201 2142 γὰρ
227 2085 355 2140 παρὰ
386 2086 468 2130 τὸν
500 2086 668 2140 καιρὸν
699 2091 782 2142 τῆς
812 2085 1079 2144 ἀποδημίας
1111 2085 1346 2144 ἐμοίχευσε
1370 2087 1454 2143 τὴν
1483 2074 1810 2144 Ἀγαμέμνονος

113 2152 314 2200 γυναῖκα
341 2145 753 2202 Κλυταιμνήστραν
777 2146 1194 2221 (κληταιμνήστραν
1218 2147 1295 2190 hic
1319 2148 1367 2190 ei:
1390 2146 1514 2190 infra
1539 2147 1643 2202 cod)
1661 2145 1762 2202 (Od.
1781 2164 1807 2204 γ

114 2209 199 2247 264
215 2219 281 2260 sq.
316 2208 363 2247 et
395 2207 510 2260 305).
553 2205 672 2248 κατὰ
705 2205 755 2248 δὲ
795 2207 904 2256 τους
942 2214 1190 2263 τραγικοὺς
1222 2206 1367 2262 αὐτὴν
1397 2206 1483 2261 τὴν
1515 2205 1807 2262 Κλυταιμνή·

115 2278 256 2318 στραν
288 2265 471 2308 ἀνελεῖν
502 2264 647 2308 αὐτὸν
677 2271 837 2321 χιτῶνι
867 2265 928 2321 μὴ
961 2266 1114 2324 ἔχοντι
1154 2265 1339 2310 ἔκδοσιν
1369 2265 1599 2337 τραχήλου
1623 2266 1805 2320 (Aesch.

111 2323 198 2380 Ag.
227 2327 338 2367 1381
359 2337 426 2378 sq.
460 2322 591 2366 Eum.
619 2327 717 2368 634.
750 2323 857 2368 Eur.
885 2324 959 2368 Or.
987 2327 1074 2381 25).
1108 2324 1155 2377 ἐξ
1179 2326 1323 2380 αὐτῆς
1350 2322 1401 2368 ὃε
1429 2324 1558 2382 ἔσχεν
1589 2322 1694 2368 υἱὸν
1725 2325 1808 2368 τὸν

105 2393 335 2453 Ὀρέστην,
369 2394 455 2470 ἀφ’
494 2393 548 2441 οὗ
580 2398 661 2441 καὶ
692 2397 903 2470 ἀνῃρέθη
941 2415 1073 2455 αντη,
1106 2398 1185 2442 καὶ
1215 2396 1481 2454 θυγατέρας
1504 2399 1534 2442 δ
1564 2396 1776 2455 Λαοδίκη
1780 2416 1807 2442 ν

112 2454 412 2513 Χρυσόθεμιν
426 2453 704 2514 Ἰφιγένειαν
728 2458 808 2501 καὶ
828 2454 1079 2513 Ἠλέκτραν
1105 2456 1174 2514 (Π.
1202 2475 1218 2501 ι
1245 2462 1341 2501 145.
1368 2456 1475 2500 Eur.
1502 2456 1576 2502 Or.
1603 2462 1676 2514 23)
1694 2458 1807 2502 Ma²

234 2625 253 2661 1
289 2619 369 2662 καὶ
401 2633 476 2663 om
510 2619 563 2664 ΟΖ
621 2619 746 2663 inser
778 2620 889 2665 Ma‘·
1011 2625 1036 2664 3
1069 2618 1096 2676 ἢ
1129 2617 1172 2663 τί
1203 2619 1485 2665 HLaMaC'l
1525 2620 1530 2676 Ι
1575 2618 1731 2675 ἕτερόν
1761 2637 1805 2665 τι

112 2679 158 2722 Β
207 2680 213 2735 Ι
265 2677 377 2722 ὄντα
408 2679 534 2722 inser
574 2679 642 2723 Va
719 2676 775 2723 ὃν
808 2678 953 2724 ΜαΟΖ
991 2680 1179 2734 „malim
1211 2676 1288 2734 ὃν,
1328 2681 1506 2724 tametsi
1543 2680 1627 2724 ma
1661 2681 1804 2735 plura

111 2737 242 2782 modo
265 2738 389 2782 dicta
411 2739 502 2793 fac
502 2739 548 2782 le
571 2752 758 2783 numero
782 2739 966 2795 plurali
990 2738 1103 2783 ὄντα
1127 2738 1594 2794 comprehendantuw
1616 2738 1684 2782 Re

112 2800 140 2838 4
171 2796 376 2871 βιάζεται
400 2798 626 2842 LaMaCl
646 2797 749 2841 Mor
774 2800 781 2854 Ι
808 2805 900 2842 τῶν
923 2797 1071 2855 λόγων
1099 2798 1246 2842 :nael
1364 2802 1389 2841 6
1422 2797 1802 2854 καταφορι,τικὴν

113 2854 159 2898 Β
207 2857 214 2912 Ι
262 2854 420 2900 αἰτίαν
461 2857 530 2901 Va
561 2856 642 2900 sed
674 2857 769 2900 αῐτι
801 2856 877 2900 del
907 2815 1004 2900 m¹y
1009 2860 1057 2901 et
1092 2855 1226 2902 ἰδέαν
1258 2870 1474 2912 suprascr
1503 2857 1573 2900 m²
1694 2861 1717 2900 7
1753 2857 1802 2900 ἐν

112 2925 188 2957 om
220 2915 322 2959 HV
453 2919 478 2957 9
513 2913 563 2958 αἱ
594 2917 703 2959 anbe
733 2915 991 2975 τραγῳδίαι
1025 2916 1086 2960 Μ
1218 2920 1270 2959 11
1303 2919 1440 2973 θυμω
1473 2916 1548 2960 La
1583 2916 1664 2959 sed
1695 2918 1803 2971 post

113 2989 148 3015 ω
178 2985 254 3016 ras
288 2979 310 3017 1
344 2973 424 3018 lisst
546 2978 599 3018 13
633 2934 902 3020 ἀνεύθυνόν
932 2975 1018 3031 τὴν
1048 2975 1217 3019 ἑαυτοῦ
1248 2974 1419 3030 πρᾶξιν
1450 2975 1626 3019 HVVa
1658 2974 1726 3020 Re

1354 3048 1446 3091 24*

1839 1117 1882 1149 10
