2026 3192
716 130 962 176 CIMONIS
995 129 1218 174 ORATIO
1705 129 1815 182 525

124 268 256 324 ἀλλ’
303 269 470 337 ὅμως
510 266 707 322 οὐδὲν
747 275 1053 321 τοιοῦτον
1105 266 1416 336 ἐζήτησαν
1463 267 1529 319 οἰ
1571 266 1814 327 παῖδες.

124 361 184 412 εἰ
220 355 288 412 δὲ
329 358 740 427 ἐζητήκεσαν,
782 356 899 409 οὐκ
938 355 1016 408 ἂν
1054 351 1218 423 ἦσαν
1250 356 1564 424 βελτίους.
1605 358 1662 407 τί
1690 350 1818 416 οὗν;

124 452 182 501 εἴ
211 467 295 509 τις
334 449 443 516 ἔχει
482 447 634 509 τινὸς
673 443 832 514 ἄρξαι
870 449 1061 508 καλοῦ,
1113 452 1402 498 κατοκνεῖν
1442 445 1527 497 δεῖ
1563 441 1636 496 ’δι’
1684 443 1817 495 αὐτὸ

124 537 185 590 τὸ
218 538 425 605 ἄρχειν,
458 536 596 589 ἀλλὰ
626 536 698 604 μὴ
730 532 1019 604 προτέροις
1052 532 1255 602 ἑτέροις
1287 532 1643 596 ἀκολουθεῖν;
1679 530 1817 601 [καὶ]

124 627 279 697 πόσῳ
331 626 677 694 δικαιότερον
733 623 964 686 ἐκείνοις
1016 619 1118 690 μὲν
1172 621 1450 691 ἐπιτιμᾶν,
1505 629 1705 675 τοῦτον
1759 621 1819 673 δὲ
1867 641 1886 673 5

127 714 376 768 ἐπαινεῖν
414 713 447 782 ἢ
488 721 688 767 τοῦτον
727 713 964 766 κωλύειν
998 722 1180 765 ποιεῖν
1213 711 1242 764 ὃ
1273 713 1344 780 μὴ
1378 715 1556 773 καλῶς
1589 710 1821 772 ἐκείνοις

125 812 436 874 παρῶπται;
490 803 630 866 ὅλως
675 802 736 855 δὲ
786 802 792 870 Ι
843 801 982 871 ἀρχή
1026 821 1109 864 τις
1159 811 1270 854 τῶν
1307 801 1642 869 πραγμάτων
1687 803 1909 848 RIV346

127 891 360 946 ἕκαστον
400 895 704 961 εἰσήγαγεν.
745 893 794 944 εἰ
833 889 882 944 δ’
924 890 1012 944 ἀεί
1038 910 1189 953 τινος
1221 887 1333 943 ἔδει
1365 890 1822 959 παραδείγματος,

128 981 232 1035 οὐκ
271 980 340 1033 ἄν
380 981 555 1050 ἀρχὴν
602 976 733 1034 οὐδὲ
780 981 842 1033 ἓν
890 980 1210 1047 ἐλάμβανεν.
1258 979 1396 1048 ἀρχὴ
1444 982 1638 1031 τοίνυν
1685 978 1820 1045 αὕτη

128 1070 377 1138 γενέσθω
419 1078 516 1123 τοῦ
555 1069 644 1123 καὶ
684 1077 855 1123 ταῦτα
894 1073 1154 1138 γίνεσθαι
1199 1079 1315 1131 τοῖς
1361 1068 1633 1136 πατράσιν
1672 1069 1726 1135 ἤ,
1774 1068 1822 1119 εἰ
1848 1086 1891 1117 ιο

130 1159 410 1228 βούλεσθέ
446 1179 532 1228 γε,
579 1168 694 1222 τοῖς
730 1160 948 1226 παισίν,
997 1159 1048 1211 εἴ
1084 1178 1207 1211 τινα
1254 1167 1365 1211 τῶν
1411 1157 1664 1226 πατέρων
1714 1176 1823 1208 τοι-

129 1256 269 1301 αὕτα
307 1247 751 1318 βεβουλευμένον
788 1249 1014 1317 τοιαύτη
1054 1247 1457 1316 καταλαμβάνει
1496 1248 1646 1315 τύχη.

242 1337 327 1390 30.
371 1336 478 1390 Καὶ
518 1341 576 1391 τί
610 1339 695 1391 δεῖ
733 1336 858 1406 περὶ
898 1338 1112 1391 τούτων
1158 1339 1325 1390 πλείω
1374 1335 1578 1404 λέγειν;
1626 1337 1676 1387 εἰ
1721 1335 1825 1402 γὰρ

130 1428 202 1496 μὴ
243 1435 358 1489 τοῖς
398 1425 704 1496 εἰρημένοις
742 1425 1027 1494 πέπεισθε,
1058 1428 1238 1489 ποίοις
1276 1425 1348 1479 ἂν
1380 1424 1585 1493 ἑτέροις
1617 1425 1830 1493 λόγοις;

132 1515 444 1584 ἐβουλόμην
488 1514 614 1584 μέν,
655 1510 697 1568 ὦ
750 1516 951 1585 ἄνδρες
983 1514 1297 1584 Ἀθηναῖοι,
1343 1515 1550 1583 ταύτην
1595 1515 1697 1583 τὴν
1744 1513 1827 1567 ἐκ·
1853 1530 1894 1561 15

131 1606 363 1672 κλησίαν
402 1604 488 1657 ἐπὶ
529 1612 628 1657 τοῦ
674 1608 1030 1671 Μαραθῶνος
1067 1604 1192 1673 παρ’
1233 1605 1366 1657 αὐτὸ
1401 1610 1732 1673 γεγενῆσθαι
1765 1605 1826 1656 τὸ

133 1694 414 1761 τρόπαιον,
454 1690 524 1761 ἦν
569 1694 673 1763 γὰρ
718 1694 792 1747 ἄν
837 1715 930 1762 μοι
970 1702 1139 1746 ταῦτα
1178 1692 1302 1768 ἀντὶ
1343 1695 1690 1763 συνηγόρων,
1737 1691 1827 1745 καὶ

135 1789 242 1835 νῦν
281 1782 343 1834 δὲ
380 1790 444 1852 τῇ
486 1783 707 1853 διανοίᾳ
745 1783 883 1851 πρὸς
922 1783 1100 1836 ἐκεῖνα
1141 1781 1436 1851 βλέποντες
1467 1782 1611 1836 οὕτω
1651 1801 1828 1851 χειρο-

134 1881 355 1924 τονεῖτε.
410 1871 628 1933 πάντως
674 1868 734 1924 δὲ
783 1868 857 1925 δι’
911 1872 1068 1939 ὑμῶν
1109 1871 1137 1924 ὁ
1187 1871 1488 1939 στρατηγὸς
1535 1870 1688 1923 ἐνίκα
1737 1869 1827 1923 καὶ

257 2035 310 2074 16
344 2031 473 2075 Dem.
506 2047 551 2088 p.
580 2036 678 2087 441,
698 2037 723 2075 6
753 2035 758 2089 Ι
786 2032 922 2076 Paus.
947 2032 968 2076 I
995 2037 1063 2086 32,
1084 2039 1108 2076 5

257 2184 282 2222 2
307 2183 532 2236 punctum
555 2183 663 2236 post
678 2179 884 2237 βελτίους
906 2181 1041 2237 posui
1059 2183 1110 2224 ut
1134 2181 1239 2225 coni
1264 2181 1348 2235 Re,
1371 2180 1505 2224 colon
1528 2180 1585 2223 Vi
1646 2179 1830 2236 signum

138 2239 519 2296 interrogationis
544 2239 778 2284 BLILau
809 2240 900 2283 edd
1023 2245 1047 2283 3
1080 2238 1150 2292 τίς
1183 2241 1238 2284 Vi
1287 2243 1293 2295 Ι
1344 2238 1392 2283 εἴ
1409 2265 1464 2272 —-
1490 2243 1517 2282 4
1549 2240 1831 2283 ἀκολουθεῖν

138 2297 407 2354 praemissis
438 2298 591 2342 verbis
622 2305 703 2355 τῆς
734 2298 918 2356 μελέτης
950 2292 1050 2344 ἐν
1023 2317 1051 2358 ῃ
1078 2297 1240 2355 Κιμων
1265 2298 1388 2342 αἰτεῖ
1408 2298 1525 2353 ὑπὲρ
1549 2305 1631 2342 τοῦ
1656 2298 1832 2353 πατρὸς

140 2360 344 2413 δεθῆναι
387 2357 505 2401 citat
546 2357 780 2401 Macarius
822 2358 887 2402 fol
913 2363 989 2403 86
1065 2357 1231 2416 εἴτις]
1280 2359 1496 2414 οὐδαμῶς
1537 2356 1588 2408 ὃς
1626 2357 1787 2401 Macar

141 2423 385 2460 κατοκνεῖν
417 2419 491 2461 δεῖ
524 2417 689 2473 scripsi
729 2421 917 2462 auctore
950 2417 1158 2461 Iacobsio
1194 2417 1304 2460 Lech
1331 2422 1412 2460 112
1476 2423 1695 2461 κατοκνεῖ
1723 2416 1831 2460 libri

141 2475 232 2518 edd
354 2481 380 2518 4
410 2474 581 2530 ἑτέροις
604 2490 680 2520 om
704 2476 865 2521 Macar
891 2480 897 2533 Ι
925 2478 1005 2521 καὶ
1031 2478 1087 2521 Vi
1112 2479 1159 2520 et
1183 2477 1309 2519 inser
1332 2476 1398 2519 L*
1423 2477 1515 2520 edd
1577 2475 1832 2520 cancellavi

264 2539 287 2577 7
306 2533 423 2592 ἀρχὴ
441 2532 511 2585 τίς
535 2535 593 2578 Vi
713 2540 738 2578 8
758 2535 931 2609 ἤγαγεν
948 2537 1106 2581 BLau
1230 2542 1283 2579 10
1310 2533 1555 2593 γίγνεσθαι
1580 2536 1639 2580 Vi
1665 2538 1670 2591 Ι
1699 2551 1719 2578 ε
1777 2537 1832 2579 oi

143 2595 252 2637 Lau
374 2598 426 2637 11
461 2594 517 2638 οὐ
548 2601 691 2638 πᾶσιν
723 2593 822 2638 ἀλλ’
859 2597 968 2639 anre
1000 2595 1224 2653 βούλεσθε
1255 2595 1380 2638 inser
1405 2596 1450 2639 B
1482 2595 1563 2638 sed
1599 2595 1654 2638 οὐ
1685 2609 1732 2637 m
1786 2597 1834 2638 et

142 2659 238 2696 πᾶσ
269 2652 318 2695 in
350 2667 423 2695 ras
448 2652 517 2695 m'
544 2657 549 2707 Ι
578 2669 628 2709 γε
651 2655 700 2696 in
723 2668 798 2698 ras
824 2654 892 2697 L²
952 2668 1027 2698 om
1052 2654 1111 2698 Vi
1136 2658 1142 2707 Ι
1170 2651 1332 2698 παισίν
1357 2654 1521 2710 sci-ipsi
1553 2656 1741 2698 auctore
1766 2653 1832 2696 Re

202 2718 346 2755 πᾶσιν
389 2711 498 2755 libri
541 2712 633 2756 edd
682 2714 688 2769 Ι
738 2711 835 2757 ἀλλ’
874 2716 983 2757 ante
1023 2713 1070 2757 εἴ
1098 2713 1315 2767 ViILau,
1354 2728 1428 2757 ras
1473 2718 1588 2756 2—3
1626 2712 1707 2756 litt
1730 2713 1773 2756 L

142 2769 355 2824 πατέρων
380 2770 545 2827 scripsi
573 2785 678 2815 cum
703 2771 859 2816 Gasda
920 2772 1142 2816 ἁπάντων
1166 2772 1276 2816 libri
1300 2772 1390 2815 edd
1514 2778 1568 2816 12
1593 2773 1831 2829 βεβουλευ-

146 2827 291 2884 μένον
313 2830 356 2873 L
380 2830 463 2874 sed
487 2846 542 2874 ον
564 2830 614 2874 in
637 2844 712 2874 ras
730 2831 799 2874 m²
923 2836 975 2875 13
1000 2831 1167 2875 τούτου
1191 2834 1221 2875 1
1340 2838 1396 2876 14
1421 2831 1646 2875 πέπεισθε
1670 2831 1833 2887 scripsi

146 2901 171 2930 ο
206 2888 262 2931 Vi
337 2888 586 2934 ἐπέπεισθε
611 2890 841 2935 BLILau
874 2891 963 2933 edd
1110 2895 1163 2934 15
1195 2890 1280 2947 μέν
1311 2904 1386 2934 om
1420 2891 1478 2933 Vi
1622 2895 1676 2933 16
1709 2906 1832 2946 γεγε-

148 2949 324 3002 νῆσθαι
349 2949 393 2991 Β
426 2948 506 2991 secl
540 2950 662 3006 γε(1)
694 2949 742 2992 in
774 2963 848 2992 ras
879 2949 950 2992 111²
1042 2974 1045 2977 ·
1073 2954 1125 2993 17
1159 2949 1220 2994 ἄν
1252 2964 1327 2994 om
1353 2951 1509 2994 BLau
