2054 3192
982 821 1022 874 I.

480 941 1001 1003 ΣΩΚΡΑΤΟΥΣ
1047 940 1519 1004 ΑΠΟΛΟΓΙΑ.

271 1090 314 1142 1.
359 1088 495 1142 Οὐδ’
542 1091 589 1142 εἰ
636 1092 883 1155 πλείους,
933 1082 974 1141 ὦ
1016 1090 1217 1157 ἄνδρες
1247 1086 1552 1157 Ἀθηναῖοι,
1606 1098 1719 1141 τῶν
1771 1093 1931 1136 RH11

154 1176 286 1231 νυνὶ
323 1179 538 1231 τούτων
570 1180 762 1231 αἰτιῶν
793 1176 987 1246 ἐπάγοι
1019 1197 1102 1240 τις
1135 1176 1420 1247 Σωκράτει
1451 1180 1668 1230 πείθων
1706 1177 1848 1246 ὑμᾶς

155 1267 228 1330 ὡς
283 1266 490 1335 ἀνάγκη
555 1276 731 1329 κακῶς
786 1268 1063 1319 οἰκεῖσθαι
1121 1267 1222 1335 τὴν
1283 1268 1447 1320 πόλιν
1507 1267 1579 1334 μὴ
1641 1267 1845 1319 τούτου

155 1357 351 1419 δόντος
391 1357 569 1424 δίκην,
611 1357 714 1409 οὐκ
754 1357 822 1408 ἄν
860 1375 954 1424 μοι
995 1357 1140 1408 δοκῶ
1180 1357 1241 1408 τὸ
1280 1357 1353 1424 μὴ
1395 1356 1461 1408 οὐ
1502 1357 1666 1424 φίλος
1705 1354 1852 1426 αὐτῷ

149 1444 243 1498 καὶ
282 1445 569 1514 γεγονέναι
607 1443 698 1498 καὶ
737 1445 915 1497 πάντα
954 1449 1194 1513 χρῆσθαι
1234 1445 1332 1497 τὸν
1371 1446 1574 1514 χρόνον
1613 1443 1674 1496 ἐν
1711 1443 1846 1510 ὑμῖν
1892 1465 1911 1497 5

152 1533 518 1603 ἀρνήσασθαι.
573 1534 700 1586 οὔτε
748 1535 852 1602 γὰρ
898 1529 963 1601 ἧς
1009 1532 1089 1601 ἐφ’
1137 1531 1368 1586 ἑκάστου
1414 1533 1504 1586 καὶ
1544 1535 1714 1601 λόγου
1753 1530 1843 1585 καὶ

274 1694 310 1739 G
391 1716 446 1731 =
482 1695 627 1738 codex
659 1693 904 1737 Chisianus

271 1755 316 1798 A
389 1776 444 1790 =
478 1753 771 1797 Monacensis
804 1753 917 1797 olim
949 1754 1251 1810 Augustanus

271 1814 360 1857 Ma
390 1835 445 1849 =
478 1813 766 1856 Matritensis
791 1816 905 1856 4679
941 1813 1001 1869 (N
1010 1815 1114 1869 -49)

269 1873 364 1916 Ath
391 1894 446 1909 ==
479 1872 659 1915 Athous
690 1872 868 1915 Laurae
902 1871 944 1915 S.
978 1871 1226 1915 Athanasii

279 1932 323 1975 U
389 1953 444 1968 =
476 1931 732 1975 Vaticanus
763 1931 965 1974 Urbinas
997 1946 1062 1989 gr.
1093 1936 1175 1975 126

279 1991 348 2034 Va
390 2013 445 2027 =
471 1990 728 2034 Vaticanus
760 2005 827 2048 gr.
854 1995 908 2034 81

270 2051 316 2094 Β
390 2071 445 2086 =
478 2049 758 2093 Barberinus
789 2049 831 2092 11
856 2054 910 2092 41

270 2201 295 2239 2
327 2196 457 2241 Dem.
491 2213 534 2254 p.
570 2201 670 2251 550,
689 2202 743 2240 22

272 2349 294 2387 1
327 2343 467 2388 Inscr.
502 2345 758 2403 στοχασμὸς
788 2344 965 2395 ἁπλοῦς
995 2345 1045 2390 ἐκ
1078 2347 1259 2389 πολλῶν
1292 2345 1315 2389 ὁ
1349 2343 1558 2401 διάφορα
1589 2343 1838 2401 πράγματα

151 2400 220 2459 ἐφ’
257 2402 327 2447 ἑνὶ
364 2404 596 2462 προσώπῳ
633 2407 696 2462 τῷ
736 2404 1019 2459 Σωκράτους
1049 2407 1216 2460 ζητῶν,
1255 2403 1341 2459 τήν
1379 2419 1426 2448 τε
1466 2404 1572 2458 περὶ
1611 2404 1661 2448 τὸ
1702 2407 1838 2447 θεῖον

150 2460 367 2520 ἀσέβειαν
399 2464 479 2507 καὶ
509 2462 594 2519 τὴν
625 2469 706 2520 τῆς
735 2461 910 2513 πόλεως
939 2461 1077 2521 ’ὕβριν
1109 2464 1190 2507 καὶ
1220 2463 1304 2519 τὴν
1343 2471 1434 2507 τῶν
1477 2462 1595 2507 νέων
1628 2465 1836 2518 διαφθο-

151 2519 239 2576 ράν
271 2521 321 2564 in
351 2536 485 2579 marg
516 2521 584 2566 Α2

267 2667 340 2713 w'
374 2670 483 2713 ante
515 2668 781 2724 σωκράτους
811 2671 868 2723 Α,
901 2672 1007 2726 post
1038 2668 1267 2727 ἀπολογία
1301 2670 1339 2715 Ο
1366 2669 1446 2713 sed
1486 2669 1534 2712 in
1574 2669 1661 2713 hoc
1694 2667 1753 2721 ξε]
1787 2669 1836 2711 in

148 2740 223 2770 ras
255 2727 304 2770 in
335 2742 482 2784 marg,
514 2733 578 2784 μᾶ
608 2728 658 2771 in
681 2743 815 2786 marg
839 2730 929 2773 Ma
1051 2734 1073 2772 1
1108 2727 1344 2785 Ἀθηναῖοι
1366 2728 1542 2772 inserui
1566 2742 1590 2772 e
1617 2729 1706 2772 Ma
1731 2742 1836 2772 cum

148 2784 253 2842 Rog
277 2786 368 2830 coll
391 2802 436 2843 p.
463 2791 533 2842 34,
554 2791 607 2830 13
634 2789 681 2832 et
705 2792 775 2841 55,
795 2792 848 2831 13
904 2802 979 2831 om
1002 2786 1171 2843 reliqui
1194 2787 1304 2831 libri
1328 2788 1430 2831 Mor
1445 2787 1513 2831 Re
1620 2792 1644 2830 2
1671 2786 1837 2843 ἐπάγοι

149 2845 316 2901 scripsi
356 2859 411 2888 ex
442 2846 486 2890 A
529 2848 716 2890 auctore
754 2845 908 2890 Gasda
983 2846 1144 2903 ἐπάγει
1190 2847 1316 2891 GMa
1355 2846 1456 2890 Mor
1472 2846 1538 2890 Re
1616 2844 1834 2902 ἐπάγοιτό

147 2902 317 2959 reliqui
340 2903 450 2948 libri
474 2904 577 2962 Rog
696 2909 723 2948 4
755 2903 893 2962 φίλον
917 2905 1018 2950 Mor
1139 2911 1165 2949 5
1190 2907 1270 2949 καὶ
1287 2906 1367 2963 (1)]
1392 2904 1535 2948 πάλαι
1560 2905 1664 2949 coni
1690 2903 1835 2948 Cobet

153 2961 158 3019 Ι
194 2962 303 3018 ὑμῖν
342 2963 387 3007 U
413 2963 494 3006 sed
524 2981 553 3008 υ
586 2978 686 3007 eras
747 2964 858 3020 ἡμῖν
900 2965 967 3008 Va
998 2964 1100 3009 Mor
