2026 3192
662 103 909 149 ORESTIS
941 104 1245 150 DEFENSIO
1686 104 1795 156 409

103 240 287 302 κοινὸς
326 239 415 292 καὶ
456 239 767 309 ἀπεβλέπου
814 240 904 294 καὶ
953 242 1053 310 τὴν
1084 241 1322 295 Ἑλλάδα
1366 238 1494 311 ἦγες
1541 239 1631 295 καὶ
1671 240 1795 309 περὶ

8 400 9 403 ¹
101 336 203 382 σοῦ
242 328 420 382 πάντα
458 338 704 400 κατεῖχεν
742 329 774 399 ἡ
819 329 825 401 Ι
862 333 1029 401 φήμη.
1074 326 1244 399 ἦλθες
1284 333 1363 394 εἰς
1407 334 1614 402 Τροίαν
1659 335 1781 380 RIV
1800 340 1883 380 133

10 427 11 430 ’
101 418 191 471 καὶ
236 416 509 485 πολέμους
557 412 698 483 εἶδες
743 418 833 472 καὶ
884 419 1057 490 μάχας
1106 418 1197 473 καὶ
1243 421 1343 489 τὴν
1376 419 1638 489 ’Ἕκτορος
1693 419 1796 473 οὐκ

102 507 341 576 εὐτυχῶς
395 506 657 578 διέφυγες
711 507 919 577 δεξιάν,
974 507 1094 562 ἀλλ’
1154 508 1476 572 ἐπανιόντος
1513 508 1797 579 Ἐριννύες

102 595 390 665 ἡγήσαντο.
455 595 540 650 59.
573 602 694 650 εἰθε
734 611 795 651 σε
840 596 952 665 μετ’
1002 596 1309 661 Ὀδυσσέως
1364 597 1652 667 ἀπήγαγον
1699 594 1794 651 αὗ-
1843 619 1862 651 5

103 705 193 755 ραι
233 683 322 738 καὶ
362 694 643 755 πανταχοῦ
682 687 1041 756 πλανώμενος
1080 691 1292 755 μᾶλλον
1340 687 1585 757 εὐτύχεις
1623 686 1656 756 ἢ
1695 688 1797 756 τὴν

102 775 283 828 οἰκίαν
332 775 483 828 ἰδών.
537 782 644 828 νῦν
692 772 752 829 δὲ
800 778 870 829 σὺ
925 776 1027 845 μὲν
1082 774 1389 845 ἐπανῆλθες
1434 782 1646 830 θᾶττον
1696 783 1796 829 τοῦ

103 863 327 926 δέοντος
360 864 540 933 ὥσπερ
573 865 710 935 πρὸς
740 866 801 919 τὸ
834 871 1039 919 παθεῖν
1070 864 1413 935 ἠπειγμένος,
1455 865 1483 919 ὁ
1518 863 1577 919 δὲ
1610 864 1795 919 Ὀδυσ-

104 955 229 1015 σεὺς
269 953 403 1007 ὅσον
442 952 531 1007 ἐπὶ
570 962 635 1024 τῇ
676 953 897 1022 γυναικὶ
945 953 1062 1008 κατ’
1109 951 1264 1008 οἶκον
1311 955 1559 1024 εὐτυχῶν
1608 957 1795 1025 πόρρω

101 1059 195 1096 ποι
236 1041 474 1111 φέρεται.
522 1039 639 1096 ἀλλ’
687 1043 986 1097 ἐπανέλθοι
1025 1044 1158 1097 ποτὲ
1203 1042 1294 1097 καὶ
1335 1046 1534 1113 φανείη
1574 1052 1638 1113 τῇ
1683 1048 1796 1113 Πη-
1822 1067 1865 1099 ιο

102 1133 306 1201 νελόπῃ
362 1130 453 1184 καὶ
508 1131 774 1185 θεάσαιτο
828 1142 943 1196 πῶς
999 1134 1059 1186 οὗ
1107 1142 1413 1202 μνηστῆρες
1464 1135 1565 1202 τὴν
1616 1135 1798 1187 οἰκίαν

102 1222 490 1290 κατειληφότες
528 1222 792 1289 γυναικὸς
829 1222 1151 1291 ἡττήθησαν
1190 1223 1496 1292 σώφρονος.

215 1309 300 1363 60.
340 1308 499 1363 Ἀλλὰ
540 1311 798 1381 δακρύων
835 1311 937 1380 μὲν
975 1311 1107 1374 ἴσως
1145 1310 1235 1364 καὶ
1284 1308 1452 1374 αὐθις
1490 1309 1642 1365 ἔσται
1682 1332 1798 1364 και-

104 1401 214 1468 ρός,
253 1399 409 1466 ὑμεῖς
448 1398 525 1468 δέ,
566 1396 607 1453 ὦ
649 1400 860 1469 ἄνδρες,
901 1401 1022 1454 ὅσοι
1060 1399 1287 1469 πατέρες
1327 1397 1445 1453 ε’στὲ
1476 1399 1566 1454 καὶ
1599 1402 1798 1463 παῖδας

12 1539 15 1541 ,
103 1486 247 1557 ἔχετε
295 1487 383 1541 καὶ
434 1499 717 1557 γυναικῶν
763 1491 1132 1559 σωφροσύνης
1178 1492 1342 1558 λόγος
1387 1490 1522 1558 ὑμῖν
1568 1490 1690 1543 ὅσοι
1742 1510 1798 1543 τε
1823 1512 1864 1546 15

103 1578 295 1640 παῖδες
334 1577 582 1647 εὐτυχῶν
619 1577 871 1648 πατέρων
910 1579 1000 1632 καὶ
1041 1578 1276 1649 μητέρας
1306 1576 1454 1649 ἔχετε
1486 1579 1798 1649 σώφρονας,

104 1665 192 1720 ἐπὶ
239 1668 505 1736 λογισμὸν
545 1668 644 1720 τὸν
682 1667 947 1738 ἡμέτερον
992 1667 1198 1738 πατέρα
1246 1670 1507 1737 λαβόντες
1556 1667 1647 1722 καὶ
1698 1670 1800 1738 τὴν

104 1755 239 1824 ἐμὴν
270 1755 409 1826 ὑπὲρ
444 1755 657 1810 ἐκείνου
697 1758 950 1827 σπουδὴν
988 1756 1274 1827 παρθένον
1313 1776 1371 1810 τε
1410 1758 1616 1826 ταύτην
1642 1756 1798 1811 Ἠλέ-

105 1864 276 1915 κτραν
301 1848 405 1898 σὺν
432 1844 550 1915 ἐμοὶ
577 1846 965 1916 δυστυχοῦσαν
987 1847 1106 1914 ἥτις
1129 1845 1352 1914 ἕστηκεν
1379 1845 1797 1915 ἀνακαλουμένη

104 1934 203 1987 τὸν
256 1933 462 2004 πατέρα
522 1933 613 1988 καὶ
669 1936 926 2005 δακρύων
980 1935 1082 1988 οὐκ
1144 1935 1564 2002 ἀπαλλάττεται,
1625 1943 1798 1989 ταῦτα
1822 1958 1864 1989 20

226 2055 248 2094 1
283 2051 422 2096 Arist.
454 2050 577 2096 Eccl.
613 2056 696 2095 726
714 2065 780 2107 sq.
904 2056 928 2094 9
962 2051 1092 2096 Dcm.
1125 2066 1168 2108 p.
1196 2056 1296 2107 278,
1316 2057 1369 2096 12
1412 2052 1420 2109 Ι
1469 2052 1576 2096 Eur.
1611 2050 1684 2096 Or.
1712 2055 1797 2095 588

226 2115 279 2154 19
314 2110 454 2168 Soph.
487 2110 557 2154 El.
586 2115 668 2154 137

228 2220 248 2258 1
283 2215 441 2267 κοινὸς
472 2229 543 2259 om
582 2217 644 2260 M
698 2221 867 2266 κοινῶς
899 2215 987 2258 Ma
1014 2216 1020 2271 Ι
1060 2216 1242 2272 „malim
1274 2215 1355 2259 καὶ
1386 2214 1414 2271 ἡ
1446 2215 1554 2269 περὶ
1586 2216 1694 2259 σοῦ“
1730 2215 1798 2259 Re

226 2279 251 2316 2
283 2273 469 2324 πάντως
503 2274 617 2317 Plan
759 2279 786 2318 4
823 2271 1099 2326 ἐπανιόντος
1138 2275 1207 2318 Va
1239 2275 1321 2318 sed
1354 2291 1370 2318 ι
1402 2289 1542 2331 supra
1574 2291 1626 2325 ος
1654 2274 1725 2317 m²

14 2334 18 2386 J
106 2331 348 2378 ἐπανιόντι
382 2335 443 2378 M
451 2335 508 2378 Vi
539 2333 604 2376 Re
654 2337 660 2390 Ι
712 2333 948 2388 ἐρριννύες
989 2335 1057 2378 Va
1089 2334 1170 2378 sed
1193 2332 1205 2348 '
1231 2333 1316 2376 in*
1343 2348 1445 2378 con·
1475 2333 1545 2378 m'
1622 2333 1799 2389 ἐρινύες

107 2393 183 2437 La
244 2393 451 2447 ἐρρινύες
489 2393 548 2437 Vi
669 2397 694 2436 5
727 2392 1040 2450 μετοὸυσσέως
1071 2393 1148 2437 La
1280 2398 1304 2436 6
1337 2395 1509 2449 μᾶλλον
1546 2393 1710 2449 scripsi
1744 2408 1797 2437 ex

108 2453 165 2496 H
170 2452 562 2497 VVaLaBMan
620 2451 805 2503 πάντως
832 2454 892 2497 M
901 2453 956 2496 Vi
978 2455 1078 2496 Mor
1109 2455 1157 2497 cia
1181 2467 1205 2496 e
1239 2452 1348 2496 Bav.
1375 2452 1442 2495 Re
1474 2452 1555 2496 sed
1580 2452 1796 2497 adnotat:

109 2525 232 2563 „non
255 2513 371 2556 male
394 2517 634 2567 utrumque
657 2513 835 2568 copules
865 2510 1050 2562 πάντως
1081 2514 1252 2568 μᾶλλον
1285 2509 1345 2556 ἂν
1369 2511 1601 2569 εὐτύχεις-ί*
1629 2514 1635 2569 Ι
1662 2511 1799 2568 ηὐτύ-

16 2614 19 2617 .
107 2586 202 2627 χεις
245 2571 286 2614 V
400 2575 426 2614 8
462 2570 737 2627 ἠπειγμένος
769 2573 858 2615 Μα
886 2571 967 2614 scd
999 2571 1047 2614 in
1076 2570 1373 2627 ἐπειγόμενος
1396 2584 1497 2614 corr
1519 2570 1590 2615 rn³
1651 2570 1796 2615 ἐπεισ-

109 2628 246 2685 μένος
286 2631 354 2674 Va
476 2635 501 2672 9
546 2627 650 2673 κατ’
687 2626 819 2674 οἷκον
853 2630 942 2674 Μα
982 2630 1064 2673 sed.
1095 2628 1195 2673 κατ’
1235 2626 1283 2674 οἶ
1318 2630 1367 2673 in
1405 2643 1480 2674 ras
1512 2630 1581 2673 m³
1641 2637 1798 2675 τοσοῦ-

18 2722 22 2726 .
108 2703 191 2732 τον
217 2687 269 2733 C'z
390 2693 444 2732 10
476 2704 567 2733 που
600 2690 658 2733 Η
774 2694 826 2732 11
860 2696 958 2741 πῶς
990 2689 1053 2747 οἱ]
1086 2688 1224 2733 πόσοι
1251 2689 1376 2733 MVi
1498 2694 1550 2733 13
1584 2690 1662 2733 καὶ
1692 2688 1800 2739 ἴσως

120 2747 188 2791 Va
215 2748 221 2803 Ι
248 2749 329 2792 καὶ
353 2762 427 2792 om
452 2747 554 2792 Mor
675 2752 728 2792 15
755 2747 876 2805 ἔχετε
900 2750 987 2793 Μα
1012 2749 1093 2792 sed
1118 2747 1142 2792 ἔ
1162 2747 1212 2791 in
1235 2763 1309 2792 ras
1333 2748 1403 2792 m³
1430 2749 1435 2806 Ι
1464 2749 1685 2806 γυναικὸς
1711 2750 1800 2793 Μα

114 2805 166 2850 ΟΖ
192 2810 198 2862 Ι
225 2805 335 2862 ἡμῖν
362 2808 406 2851 V
542 2811 596 2850 17
628 2805 847 2863 λογισμὸν
878 2807 1042 2864 scripsi
1075 2820 1099 2850 c
1132 2807 1310 2852 HVVa
1346 2807 1427 2851 ssd
1462 2807 1631 2851 in'hoc
1663 2805 1717 2852 ὸν
1749 2807 1798 2850 in

112 2872 177 2909 ῶν
201 2879 315 2920 corr,
347 2867 393 2910 Β
467 2869 686 2923 λογισμοῦ
719 2866 862 2911 LaVi
900 2867 981 2911 sed
1021 2866 1069 2909 in
1102 2866 1190 2910 hoc
1220 2867 1307 2923 μὸν
1348 2880 1563 2923 suprascr
1593 2866 1676 2921 ω’,
1712 2869 1799 2911 Μα

112 2924 193 2968 sed
225 2921 279 2968 ὸν
311 2938 525 2981 suprascr
554 2925 637 2978 111³,
672 2925 725 2970 Ol
755 2925 846 2969 edd
967 2930 1022 2969 20
1055 2925 1393 2971 ἀπαλλάσσεται
1427 2924 1572 2971 ΜαΟΖ
