2026 3192
191 630 210 663 5

235 120 343 172 476
700 120 928 164 LIBANII
957 119 1348 164 DECLAMATIO
1379 120 1442 163 IX

235 252 336 323 μὲν
364 252 543 326 οὐδὲν
580 255 613 323 ἢ
653 257 852 325 μικρὸν
891 254 1013 308 ἀντὶ
1054 265 1166 308 τῶν
1200 258 1389 308 πόνων
1419 255 1787 326 παρέχουσαν,
1825 260 1928 327 τὴν

236 340 295 396 δὲ
350 347 610 412 λαμπρῶς
664 343 1033 413 ἀμειβομένην
1087 345 1182 407 τὰς
1243 344 1369 414 περὶ
1431 344 1603 413 αὐτὴν
1664 347 1927 408 σπουδάς.

237 431 544 501 ἐμιμούμην
582 433 650 501 δὴ
690 435 819 495 τοὺς
859 435 1138 502 γεωργοὺς
1178 432 1303 503 περὶ
1342 435 1442 501 τὴν
1481 434 1585 502 σὴν
1626 435 1801 502 φύσιν
1833 435 1955 487 διὰ.

235 529 330 589 τῆς
384 520 767 591 ἀποκηρύξεως
812 521 902 574 καὶ
951 518 1068 574 κατ’
1132 522 1378 585 ἐκείνους
1432 520 1778 592 ἐθεράπευον
1831 524 1929 585 τὰς

235 618 329 678 τῆς
367 621 544 680 φορᾶς
582 609 850 679 ἀφορμάς,
891 609 1036 672 ὅπως
1075 610 1408 665 ἀναδοθεῖεν
1446 607 1508 664 εὖ
1539 611 1630 664 καὶ
1659 615 1838 674 καλῶς
1873 612 1925 664 οἱ

146 702 265 747 RIV
282 707 368 747 384
413 699 612 767 καρποὶ
651 708 763 751 τῶν
803 698 1221 767 ἐμποδισμάτων
1261 699 1661 768 ἀπαλλαγέντες
1703 698 1710 771 Ι
1757 699 1926 753 ἀπάν-

169 1075 212 1107 10

170 1518 210 1551 15

235 807 359 840 των.
437 787 522 839 37.
562 786 685 839 ἀντὶ
725 788 938 839 τούτων
978 783 1082 840 οὗν
1113 787 1436 856 ἀγανακτεῖς
1466 787 1557 841 καὶ
1596 797 1708 842 τῶν
1745 785 1927 858 ἔργων

235 895 327 944 μοι
387 876 820 945 μαρτυρούντων
881 876 948 928 οὐ
1011 884 1313 945 συγχωρεῖς
1372 884 1542 929 ταῦτα
1610 883 1924 946 πεπρᾶχθαι

236 968 433 1033 καλῶς;
481 966 532 1016 ει’
575 964 676 1032 μὲν
722 965 825 1032 γὰρ
874 965 946 1032 μὴ
987 964 1293 1033 συνήνεγκε
1337 979 1424 1018 σοι
1471 973 1566 1034 τῆς
1610 967 1858 1028 παιδείας
1897 966 1927 1018 ὁ

234 1055 459 1122 τρόπος,
514 1054 746 1122 μάλιστα
800 1052 925 1122 με’ν,
974 1050 1015 1106 ὦ
1071 1054 1270 1123 ἄνδρες
1324 1054 1601 1122 δικασταί,
1655 1057 1713 1107 τί
1761 1062 1926 1107 τοῦτο

235 1142 370 1211 πρὸς
409 1142 507 1195 τὸν
553 1141 748 1210 ὀνῆσαι
796 1142 1262 1211 προαιρούμενον;
1303 1145 1353 1195 εἰ
1398 1144 1501 1211 γὰρ
1542 1142 1570 1195 ὁ
1618 1140 1721 1210 μὲν
1772 1144 1920 1195 διδά-

236 1235 434 1293 σκαλος
473 1229 783 1300 ἐπιμελοῖτο
824 1238 923 1284 τοῦ
956 1239 1124 1300 χοροῦ
1164 1230 1254 1284 καὶ
1291 1228 1361 1284 δι’
1410 1226 1489 1284 ὧν
1528 1230 1598 1285 ἂν
1633 1232 1705 1294 ὡς
1745 1231 1920 1299 ἄριστ’

235 1317 476 1371 ἐπιδιδοῖ
516 1320 778 1384 δεικνύοι,
818 1322 1200 1388 μαλακίζοιντο
1234 1317 1294 1373 δὲ
1339 1322 1392 1373 οἱ
1431 1321 1685 1390 χορευταὶ
1724 1321 1813 1374 καὶ
1852 1322 1924 1390 μὴ

235 1407 563 1477 προσέχοιεν
601 1407 633 1476 ἢ
675 1407 765 1461 καὶ
805 1410 872 1477 νὴ
905 1407 997 1461 Δί’
1044 1407 1274 1477 ἐρίζοιεν
1313 1409 1452 1477 πρὸς
1494 1408 1767 1478 ἀλλήλους
1804 1408 1926 1463 ἀντὶ

236 1505 334 1550 τοῦ
398 1506 693 1566 συμπνεῑν,
756 1497 822 1550 οὐ
884 1505 985 1550 τοῦ
1048 1497 1264 1561 διδάξαι
1328 1497 1704 1566 βουληθέντος
1763 1506 1926 1551 τοῦτο

236 1583 501 1655 ἔγκλημα,
548 1595 662 1638 τῶν
708 1583 769 1639 δὲ
817 1586 918 1639 οὐκ
965 1585 1353 1655 ἐθελησάντων
1398 1592 1616 1656 μαθεῖν.
1693 1587 1778 1639 38.
1818 1595 1926 1639 νῦν

236 1673 284 1726 δ’
327 1674 459 1728 οὐδὲ
489 1673 638 1727 τοῦτ’
677 1672 830 1728 ἔστιν
862 1678 1037 1735 εἰπεῖν
1075 1677 1149 1738 ὡς
1188 1676 1290 1729 οὐκ
1330 1678 1525 1744 ἔτυχον
1563 1683 1661 1728 τοῦ
1701 1683 1926 1728 σκοποῦ.

235 1764 500 1832 τετύχηκα
547 1765 652 1832 γὰρ
707 1773 818 1816 τῶν
871 1769 1022 1817 θεῶν
1073 1765 1468 1832 συλλαβόντων
1507 1762 1657 1839 ὑπὲρ
1713 1765 1925 1817 ἅπαντα

236 1851 475 1919 τοξότην.
516 1853 663 1921 παρὰ
702 1854 805 1921 γὰρ
845 1861 940 1921 τῆς
979 1856 1225 1922 λυπηρᾶς
1272 1851 1479 1920 ἐκείνης
1527 1852 1926 1921 ἀποκηρύξεως,

358 2063 378 2099 1
413 2056 580 2112 μικρὸν
613 2057 777 2114 scripsi
811 2070 835 2100 e
863 2058 1194 2102 OMaBLLau
1255 2056 1423 2114 μικρὰν
1448 2060 1483 2102 Ι
1515 2058 1606 2100 edd
1748 2062 1773 2099 2
1805 2054 1921 2111 παρ’

239 2116 274 2158 O
393 2121 417 2157 3
450 2116 559 2166 τοὺς
589 2117 821 2172 γεωργοὺς
846 2118 889 2161 L
920 2116 1023 2160 Mor
1053 2119 1100 2160 et
1132 2117 1237 2161 coni
1270 2115 1447 2171 Gasda‚
1490 2117 1581 2159 nisi
1614 2117 1783 2166 αὐτοὺς
1814 2116 1924 2159 scri-

235 2174 374 2217 batur
448 2175 529 2219 τὸν
569 2175 772 2233 γεωργὸν
811 2176 1126 2220 OMaBILau
1209 2176 1439 2232 γεωργοὺς
1477 2190 1551 2219 om
1590 2175 1657 2218 Re
1732 2174 1926 2224 τούτους

237 2233 341 2277 coni
374 2232 577 2277 Sintenis
620 2237 626 2290 Ι
666 2234 752 2291 τὴν
784 2235 926 2289 φύσιν
958 2234 1042 2291 τὴν
1075 2235 1160 2291 σὴν
1187 2236 1225 2279 Ο
1254 2238 1260 2290 Ι
1300 2235 1384 2291 σὴν
1416 2248 1490 2278 om
1517 2237 1559 2279 L
1680 2240 1706 2276 4
1738 2234 1817 2277 καὶ
1850 2248 1923 2278 om

238 2293 327 2336 Ma
462 2298 487 2335 ὅ
520 2301 762 2350 συμφορᾶς
789 2294 825 2338 G
849 2296 856 2349 1
884 2292 944 2338 ἂν
975 2295 1166 2338 δοθεῖεν
1194 2294 1230 2339 0
1364 2299 1386 2336 7
1422 2301 1534 2350 γοῦν
1562 2295 1598 2338 Ο
1727 2298 1751 2336 9
1786 2292 1920 2347 συνή-

238 2366 370 2408 veyne
395 2354 429 2395 Ι
454 2352 534 2396 sed
557 2351 569 2366 '
597 2366 737 2408 supra
769 2370 790 2397 ε
823 2366 923 2396 eras
951 2354 957 2409 Ι
986 2367 1059 2397 σοι
1090 2366 1191 2396 eras
1216 2355 1247 2397 1
1380 2358 1433 2396 11
1468 2353 1554 2409 γὰρ
1588 2352 1611 2396 ὁ
1644 2351 1726 2409 μὲν
1758 2352 1924 2408 scripsi

237 2424 263 2454 e
297 2410 611 2455 GMaBILau
672 2410 753 2468 μὲν
786 2413 872 2468 γὰρ
906 2411 930 2455 ὁ
961 2413 1004 2456 L
1036 2412 1127 2455 edd
1252 2417 1304 2455 12
1338 2411 1594 2469 ἐπεμελεῖτο
1619 2413 1665 2456 Β
1708 2412 1713 2468 Ι
1757 2408 1816 2455 ἂν
1849 2425 1923 2454 om

237 2470 282 2512 B
333 2474 338 2524 Ι
387 2469 551 2524 ἄριστα
591 2473 719 2514 διδοῖ
751 2471 875 2515 &Ma
914 2471 995 2514 sed
1034 2471 1083 2513 in
1122 2471 1210 2515 hoc
1249 2488 1301 2522 ος
1332 2484 1472 2527 supra
1503 2472 1604 2527 α(·2)
1628 2470 1709 2522 m4,
1737 2471 1923 2514 BILau

358 2533 411 2571 13
452 2529 641 2585 δεικνύη
670 2531 708 2574 C
780 2530 983 2574 δεικνύει
1008 2530 1052 2572 Β
1198 2535 1252 2572 14
1291 2530 1372 2573 καὶ
1403 2544 1479 2574 om
1514 2530 1550 2574 G
1595 2532 1601 2586 Ι
1651 2527 1731 2573 δία
1756 2531 1791 2573 Ι

242 2636 296 2674 15
323 2630 539 2684 διαλάξαι
563 2634 597 2675 Ι
652 2632 895 2686 διαλλάξαι
922 2635 1009 2677 Ma
1070 2632 1278 2685 διαλέξαι
1302 2635 1411 2677 Lau
1556 2637 1607 2675 17
1642 2632 1693 2677 δὲ
1717 2633 1750 2674 Ι
1786 2634 1791 2688 Ι
1840 2639 1922 2675 τοῦ

238 2690 422 2745 reposui
454 2705 478 2734 e
509 2691 655 2746 libris,
686 2694 741 2734 ut
773 2692 878 2735 coni
902 2691 968 2735 Re
1029 2699 1122 2735 ποῦ
1148 2692 1248 2735 Mor
1308 2708 1400 2736 που
1423 2692 1491 2735 Re
1613 2695 1667 2734 18
1697 2690 1922 2748 τετύχηκα

238 2750 281 2792 L
305 2749 387 2792 sed
411 2767 440 2792 α
465 2749 514 2792 in
537 2764 612 2792 ras
636 2750 706 2792 m²
733 2753 738 2806 Ι
767 2748 1086 2808 συλλαβόντων
1110 2750 1274 2806 scripsi
1297 2765 1322 2794 e
1343 2751 1672 2796 GMaBLLau
1691 2749 1782 2793 Par
1805 2753 1920 2792 3018

238 2821 343 2850 cum
381 2807 540 2852 Bastio
581 2809 779 2865 append.
813 2823 884 2865 ep.
920 2810 1017 2853 crit.
1053 2810 1124 2852 ed.
1158 2809 1374 2854 Schaefer
1411 2809 1597 2866 Lipsiae
1632 2812 1744 2852 1809
1786 2823 1832 2864 p.
1866 2812 1918 2850 41

241 2866 343 2910 coll.
377 2881 421 2922 p.
449 2872 547 2922 276,
567 2872 592 2910 8
656 2867 982 2926 συμβαλόντων
1007 2871 1042 2912 Ι
1107 2867 1458 2926 συμβαλλόντων
1490 2868 1580 2912 edd
1710 2871 1762 2910 19
1794 2866 1922 2920 παρὰ

236 2925 284 2967 in
315 2939 390 2968 ras
417 2925 483 2969 L²
509 2927 515 2978 Ι
543 2926 630 2981 γὰρ
663 2927 836 2970 inserui
869 2941 893 2969 e
920 2928 1233 2972 GMaBILau
1295 2941 1367 2971 om
1395 2929 1437 2971 L
1469 2927 1557 2970 edd
