2026 3192
0 910 4 918 .
0 876 2 883 ν
0 844 3 852 -
0 817 2 822 -
0 621 4 787 *q--v—-<-
0 459 7 601 -—-⁷-.‡2

598 104 1034 150 THEMISTOCLIS
1068 105 1397 150 ANTILOGIA
1736 106 1844 159 503

152 239 214 296 δὲ
260 243 433 296 αὐτοῦ
481 241 747 311 βασιλέως
793 245 1115 310 στρατηγιά,
1162 241 1319 295 κάκεῖ
1365 239 1467 309 μὲν
1505 244 1846 311 πεντήκοντα

149 331 414 401 μυριάδες
452 338 724 399 στρατιᾶς,
766 328 1011 383 ἐνταῦθα
1052 327 1113 384 δὲ
1144 333 1514 398 πεντακόσιαι,
1552 329 1702 384 ταῦτ’
1742 327 1846 384 οὖν

151 420 300 490 ὁρῶν
337 419 428 473 καὶ
469 422 926 488 συλλογιζόμενος
973 419 1168 488 γέγονε
1215 416 1317 487 μὲν
1363 416 1531 473 οὐδὲν
1575 422 1713 490 πρὸς
1752 418 1845 489 ἐμὲ

146 518 213 579 τῇ
247 510 437 580 γνώμῃ
470 511 720 578 βελτίων,
747 509 954 576 εἰσάγει
987 504 1039 560 δ’
1069 509 1241 562 αὑτὸν
1273 510 1350 571 εἰς
1380 509 1446 561 τὰ
1475 507 1843 577 πεπραγμένα.

259 598 345 651 36.
385 597 520 652 Ἀλλ’
565 595 701 651 ἔστω
733 596 852 665 μέν,
885 598 934 650 εἰ
965 599 1240 665 βούλεται,
1271 601 1506 667 μερίτης,
1538 601 1750 664 μᾶλλον
1781 594 1843 650 δὲ
1890 618 1909 650 5

145 687 377 755 περιιὼν
417 687 490 749 ὡς
528 687 701 740 αὑτοῦ
740 688 835 748 τὰς
873 687 1030 749 νίκας
1071 685 1242 757 ᾀδέτω
1283 685 1388 739 κᾶν
1427 687 1504 749 εἰς
1534 687 1634 739 τὸν
1666 687 1844 756 δῆμον

146 776 410 844 βούληται
458 775 640 844 λέγειν
693 776 765 838 ὡς
821 775 940 844 ἐγὼ
995 781 1220 844 μέντοι
1276 776 1388 828 τὸν
1442 784 1643 828 ταῦτα
1690 776 1841 845 δρά-

145 878 348 917 σαντα
385 867 808 934 παρεσχόμην
846 865 1024 934 ὑμῖν,
1064 863 1183 932 ἐγὼ
1224 866 1337 917 τὸν
1386 865 1842 934 δυνατώτερον

143 961 256 1006 τοῦ
289 953 609 1020 βασιλέως
639 954 930 1007 πλούτου
964 962 1104 1016 τοῖς
1135 963 1262 1006 τῶν
1287 951 1612 1022 Ἑλλήνων
1642 954 1839 1022 πράγ-

142 1056 341 1110 μασιν
380 1045 409 1095 ἕ
418 1045 447 1095 δ
459 1063 613 1110 ωκα,
655 1042 872 1111 λεγέτω,
908 1041 1354 1110 καλλωπιζέσθω,
1387 1044 1605 1110 φθόνος
1637 1042 1838 1111 οὐδείς,
1863 1063 1906 1095 10

141 1130 212 1183 ἂν
262 1133 334 1201 μὴ
389 1140 452 1202 τῇ
507 1141 602 1201 τῆς
657 1130 1040 1201 ἀποκηρύξεως
1094 1130 1268 1202 ἡμέρᾳ
1322 1139 1492 1184 ταῦτα
1547 1133 1838 1199 λογίζηται.

140 1228 306 1274 τοῦτο
346 1222 452 1289 γὰρ
495 1222 595 1274 οὐκ
635 1220 706 1274 ἔτ’
754 1219 1031 1288 ἀνέξομαι,
1070 1221 1142 1283 ὡς
1182 1221 1248 1273 οὐ
1298 1229 1394 1289 τῆς
1432 1219 1561 1289 ἐμῆς
1607 1221 1674 1272 τὰ
1705 1222 1839 1290 ἔργα

143 1310 379 1378 φύσεως,
420 1309 558 1362 ἀλλὰ
596 1318 691 1379 τῆς
730 1309 957 1376 ἀτιμίας.
1036 1309 1122 1362 37.
1163 1309 1282 1362 εἰπέ
1327 1330 1446 1377 μοι,
1493 1309 1629 1379 πρὸς
1666 1314 1837 1377 θεῶν,

140 1395 182 1450 ὦ
226 1400 514 1465 Νεόκλεις,
563 1400 631 1450 σὺ
678 1399 847 1466 μόνος
895 1396 1103 1466 ἐχρήσω
1151 1399 1327 1469 τούτῳ
1375 1404 1449 1469 τῷ
1505 1399 1654 1470 νόμω
1701 1399 1836 1451 κατὰ

137 1487 336 1549 παιδὸς
374 1488 408 1555 ἥ
446 1506 572 1539 τινα
609 1485 700 1539 καὶ
740 1485 931 1555 ἕτερον
972 1489 1146 1539 εἰπεῖν
1184 1484 1253 1538 ἂν
1291 1483 1460 1556 ἔχοις;
1506 1491 1553 1539 εἰ
1587 1486 1690 1553 μὲν
1729 1487 1833 1557 γὰρ
1859 1508 1901 1542 15

136 1578 332 1644 μόνος,
386 1576 489 1643 ὅρα
535 1578 592 1628 τί
636 1578 926 1643 συμβαίνει
981 1576 1070 1628 καὶ
1125 1578 1249 1629 τίνα
1302 1576 1510 1628 σαυτὸν
1564 1577 1837 1638 δεικνύεις

132 1663 470 1733 Ἀθηναίοις·
535 1666 583 1718 εἰ
645 1663 697 1717 δ’
757 1666 900 1718 εἰσὶν
962 1667 1019 1718 οἳ
1075 1667 1279 1718 ταυτόν
1341 1678 1429 1717 σοι
1490 1666 1835 1733 πεποιήκασι,

136 1755 379 1816 πολλοὺς
433 1754 546 1806 ἔδει
597 1753 994 1822 Θεμιστοκλέας
1041 1747 1182 1815 εἶναι
1230 1762 1296 1824 τῇ
1343 1755 1526 1821 πόλει,
1572 1756 1623 1806 εἰ
1670 1761 1834 1807 τοῦτο

137 1839 304 1912 ἔργον
350 1838 419 1910 ἧν
466 1841 852 1911 ἀποκηρύξεως
901 1844 1190 1905 τοιούτους
1236 1851 1419 1895 ποιεῖν
1472 1845 1604 1905 τοὺς
1658 1841 1834 1905 νέους.

136 1931 222 1984 38.
262 1931 399 1984 ἀλλὰ
439 1931 561 2001 γάρ,
602 1932 734 2001 ὅπερ
775 1929 937 2000 ἔφην,
977 1929 1112 1985 ἔστω
1152 1928 1254 1999 μὲν
1292 1933 1576 1998 κοινωνός,
1616 1932 1665 1983 εἰ
1703 1931 1831 1999 βού-
1854 1953 1898 1986 2⁰

206 2092 532 2196 3622133rRVH
558 2096 640 2135 186
772 2097 826 2136 10
859 2092 977 2137 Plat.
1011 2092 1102 2150 leg.
1127 2093 1148 2135 Ι
1178 2107 1221 2148 p.
1251 2096 1333 2134 641
1354 2092 1394 2135 D
1530 2096 1580 2134 11
1617 2091 1674 2135 cf.
1707 2093 1744 2135 t.-
1766 2091 1830 2135 IV

134 2167 179 2208 P·
298 2187 307 2204 2

255 2305 277 2343 1
311 2299 601 2354 πεντήκοντα
627 2300 727 2344 Mor
787 2300 1037 2356 τριάκοντα
1061 2300 1170 2343 libri
1195 2299 1277 2344 scd
1300 2298 1589 2354 πεντήκοντα
1614 2312 1829 2355 suprascr

133 2359 214 2414 L²‚
247 2361 294 2402 ct
325 2376 379 2415 γρ
410 2358 663 2414 τριάκοντα
694 2360 743 2402 in
775 2373 910 2417 marg
937 2359 1039 2403 Mor
1160 2364 1185 2402 2
1220 2365 1436 2413 στρατιᾶς
1466 2357 1631 2414 scripsi
1693 2372 1826 2413 στρα-

132 2416 258 2468 τείας
285 2418 504 2463 GBILau
532 2418 621 2461 cdd
684 2432 823 2472 στρατ
856 2435 872 2463 ι
896 2417 952 2469 ἀς
976 2418 1020 2461 L
1052 2418 1132 2461 sed
1159 2435 1175 2461 ι
1200 2417 1256 2468 ὰς
1283 2418 1332 2461 in
1356 2431 1430 2461 ras
1456 2417 1527 2460 m²
1587 2417 1644 2461 cf.
1679 2417 1825 2475 [Lys]

132 2475 218 2520 1.1.
364 2482 391 2520 4
427 2477 606 2534 βέλτιον
638 2477 704 2521 Re
755 2480 761 2534 Ι
812 2478 955 2522 αὑτὸν
988 2477 1153 2533 scripsi
1185 2491 1211 2521 e
1237 2477 1279 2521 L
1311 2477 1392 2520 scd
1411 2474 1422 2491 ²
1454 2476 1502 2519 in
1527 2491 1602 2519 ras
1630 2475 1713 2530 ω’,
1739 2478 1769 2520 Ι

132 2533 278 2581 αὐτὸν
306 2535 500 2581 CBLau
523 2536 614 2580 edd
735 2542 761 2580 5
795 2535 994 2594 μερίτης]
1029 2537 1158 2592 μερὶς
1187 2536 1257 2587 τὶς
1287 2537 1412 2580 αὐτῶ
1439 2537 1474 2579 Ι
1594 2540 1619 2578 6
1651 2537 1825 2589 περιὼν

135 2595 173 2639 Ο
196 2598 203 2653 1
231 2596 375 2639 αὑτοῦ
407 2594 571 2652 scripsi
595 2609 620 2640 e
648 2596 718 2640 CI
742 2597 823 2640 scd
848 2596 895 2638 in
921 2596 1008 2640 hoc
1025 2593 1036 2610 ³
1070 2609 1126 2639 cx
1145 2593 1157 2608 '
1188 2609 1289 2638 corr
1319 2594 1391 2638 ω’
1451 2595 1595 2638 αὐτοῦ
1621 2594 1825 2639 BLLau

133 2682 225 2726 edd
348 2687 371 2725 7
399 2656 486 2741 βοιλ)
511 2684 550 2729 C
606 2684 820 2741 βούλεται
845 2686 953 2728 Lau
981 2686 986 2739 Ι
1015 2682 1253 2738 δράσαντα
1278 2683 1442 2740 scripsi
1468 2696 1491 2727 e
1511 2683 1593 2728 CB
1655 2684 1822 2738 δεδρα-

131 2739 248 2786 κότα
274 2743 456 2786 LILau
480 2742 571 2787 edd
715 2748 740 2787 8
773 2742 1005 2800 παρέσχον
1027 2744 1062 2787 Ι
1197 2748 1222 2785 9
1256 2742 1522 2800 πράγμασιν
1561 2755 1637 2785 om
1670 2742 1708 2787 G

134 2805 189 2844 10
233 2798 416 2844 δέδωκα
452 2801 490 2845 G
630 2806 682 2844 12
723 2800 874 2846 οὐκέτ’
906 2802 983 2845 LI
1125 2806 1178 2844 14
1216 2809 1279 2845 τῶ
1319 2801 1444 2857 νόμω
1484 2802 1628 2846 τούτω
1654 2803 1689 2846 Ι

126 2861 292 2904 ’15καὶ
318 2873 392 2903 om
415 2861 460 2904 B
487 2862 493 2916 Ι
522 2861 705 2915 signum
731 2860 1110 2918 interrogationis
1141 2860 1276 2917 posui
1336 2864 1563 2917 punctum
1595 2859 1705 2903 libri
1729 2861 1821 2905 edd

254 2923 306 2961 17
340 2918 384 2963 οἳ
417 2919 581 2975 scripsi
612 2933 637 2963 e
665 2920 733 2963 CI
788 2919 831 2963 οἱ
857 2921 1061 2964 BLLau
1093 2919 1183 2963 cdd
1306 2925 1360 2964 18
1392 2917 1517 2964 τοῦτ’
1548 2920 1657 2964 Lau
