2026 3192
715 104 986 149 NEP'I'UNI
1017 105 1194 150 ACTIO
1688 107 1794 159 417

217 247 275 294 In
302 247 466 294 lucem
488 249 770 308 protractae
803 249 922 294 sunt
946 246 1328 296 declamationes
1354 263 1383 295 a
1406 247 1521 295 Fed.
1546 247 1798 295 Morello

103 320 275 370 Liban.
303 337 415 383 opp.
440 322 476 370 t.
494 319 520 367 Ι
543 337 589 382 p.
610 321 716 369 540
741 322 790 368 et
817 321 922 367 548
941 335 1010 382 sq.
1038 336 1063 369 e
1088 320 1255 369 codice
1281 337 1391 369 cum
1419 321 1493 370 Va
1517 324 1728 386 cognato
1739 316 1797 387 1).

104 395 327 443 Plurima
371 395 518 442 huius
565 394 798 443 editionis
836 395 1016 443 menda
1059 410 1170 442 cum
1218 411 1309 457 ope
1357 395 1538 445 codicis
1577 396 1797 444 Wolfen-

104 469 351 518 buttelani
382 472 489 517 tum
521 468 790 518 divinando
824 485 853 515 a
884 469 1128 517 Reiskio
1161 469 1360 518 sublata
1392 473 1529 531 sunt,
1561 470 1646 518 sed
1676 486 1800 518 uxor

103 545 208 593 eius
247 559 374 606 quae
415 543 684 591 editionem
722 545 917 592 curavit
958 546 991 591 t.
1026 543 1097 591 IV
1131 560 1176 606 p.
1205 546 1309 592 402
1354 547 1404 593 et
1436 546 1543 593 410
1562 560 1632 606 sq.
1672 546 1798 593 vitia

101 618 194 666 illa
225 618 325 666 fere
357 619 570 666 retinere
603 633 754 680 quam
786 617 1153 666 emendationes
1184 620 1238 666 in
1262 621 1403 667 textu
1426 634 1663 681 reponere
1694 635 1798 667 ma-

103 692 212 754 luit,
243 694 302 739 ut
325 693 404 741 vel
428 709 475 754 p.
495 693 661 751 429‚9
696 707 795 740 non
827 692 960 754 quod
990 691 1221 740 Reiskius
1252 693 1352 757 legi
1383 693 1530 742 iussit
1561 690 1798 756 ἀνθήσειε

104 767 189 816 sed
220 769 496 815 monstrum
527 766 875 815 Morellianum
906 762 968 814 ἂν
1000 764 1171 829 θήσειε
1204 770 1500 829 compareat.

214 839 381 889 Pauca
415 856 569 902 eaque
601 841 702 888 fere
726 839 858 889 levia
882 840 1062 889 menda
1089 857 1180 904 ope
1207 841 1388 889 codicis
1413 841 1629 890 Parisini
1655 844 1793 890 3017

104 915 164 963 ab
196 915 318 978 ipsis
352 915 522 964 collati
562 931 592 963 a
630 908 896 981 Bastio2)
929 916 979 962 et
1009 914 1429 979 BoissonadiO,
1462 916 1609 978 plura
1641 931 1797 978 eaque

104 990 334 1053 graviora
366 1006 396 1038 a
427 989 507 1037 Fr.
539 989 814 1038 Iacobsio
854 989 908 1036 in
948 983 1363 1056 ‘Lectionibus'3)
1405 990 1615 1052 aliisque
1657 990 1798 1038 libris

104 1066 154 1111 et
186 1064 246 1112 ab
279 1064 407 1127 Aug.
441 1057 690 1130 Gasda4)
723 1063 923 1112 sublata
955 1067 1082 1112 sunt.

224 1221 266 1278 1)
299 1219 365 1265 Cf.
398 1236 443 1277 p.
470 1225 571 1275 425,
592 1225 668 1276 143
701 1224 804 1274 445,
825 1227 862 1265 1.

223 1284 265 1334 2)
276 1280 328 1324 In
346 1280 607 1337 appendice
625 1281 684 1324 ad
698 1279 847 1324 Bastii
864 1280 1118 1337 epistulam
1135 1279 1348 1325 criticam
1365 1281 1494 1325 edita
1511 1281 1796 1326 aSchaefero

103 1339 287 1396 Lipsiae
322 1344 434 1384 1809
468 1355 512 1396 p.
540 1345 610 1393 51,
644 1339 774 1383 cuius
805 1340 1146 1384 nanciscendae
1179 1354 1324 1395 aeque
1355 1342 1495 1396 atque
1519 1341 1666 1398 ipsius
1700 1342 1797 1398 epi-

104 1399 254 1443 stulae
287 1399 477 1444 criticae
509 1399 570 1443 ad
603 1399 959 1443 Boissonadium
992 1400 1132 1443 datae
1165 1402 1211 1443 et
1252 1414 1355 1444 cum
1397 1401 1599 1444 auctoris
1643 1414 1798 1446 emen-

104 1459 373 1503 dationibus
413 1460 460 1503 et
506 1458 842 1503 additamentis
889 1459 1218 1516 manuscriptis
1256 1474 1279 1502 e
1318 1459 1482 1517 lingua
1528 1459 1702 1518 gallica
1748 1460 1797 1504 in

103 1518 300 1562 latinam
330 1532 490 1563 versae
522 1532 550 1562 a
583 1517 746 1563 carolo
778 1518 970 1562 Alberto
1003 1518 1291 1576 Wiedeburg
1316 1518 1502 1576 Lipsiae
1527 1524 1640 1564 1809
1673 1535 1798 1565 nunc

105 1578 288 1623 demum
323 1578 458 1634 copia
489 1577 607 1622 mihi
639 1578 767 1622 facta
799 1581 883 1622 est.

223 1639 266 1694 3)
300 1636 366 1681 Cf.
398 1640 430 1681 t.
457 1637 478 1681 Ι
508 1653 553 1695 p.
581 1641 636 1681 76
654 1652 721 1693 sq.
754 1639 802 1682 et
829 1650 969 1694 supra
1000 1653 1044 1694 p.
1073 1641 1173 1682 198.

223 1701 266 1751 4)
300 1695 365 1741 cf.
398 1711 539 1753 supra
569 1712 613 1754 p.
642 1701 742 1741 198.

193 3009 388 3043 Insanus
413 3008 471 3043 ed.
495 3008 730 3044 Foerster.
766 3009 809 3044 V.
1376 3004 1430 3047 27
