2026 3192
245 123 352 176 448
711 123 939 168 LIBANH
969 123 1356 169 DECLAMATIO
1389 125 1494 169 VIII

239 280 331 322 τος
370 258 559 328 ἐχρῆν,
608 258 816 329 ἐχθρὸν
867 257 928 312 δὲ
975 261 1158 328 βίαιον
1203 262 1302 314 τὸν
1349 261 1642 331 εὐεργέτην
1686 262 1790 333 ἡγῇ
1829 263 1928 315 τὸν

240 348 585 418 ἀπηλλαχότα
623 363 685 402 σε
723 357 822 402 τοῦ
862 350 934 418 μὴ
974 357 1243 403 τοσοῦτον
1273 351 1446 403 κακὸν
1477 350 1629 421 ὁρᾶν.
1669 350 1787 404 ἀλλ’
1826 352 1928 404 οὐκ

240 435 302 490 ἐν
347 435 467 507 ἐμοὶ
515 446 677 492 τοῦτο
718 440 845 491 ἔστι.
902 440 960 508 ζῇ
1008 439 1112 508 γὰρ
1147 437 1412 507 Ἀλκίππη
1461 439 1550 492 καὶ
1599 439 1790 509 ὁρᾶται
1836 441 1928 494 καὶ

239 527 338 580 τὸν
377 527 500 597 περὶ
542 522 620 580 ὧν
658 529 1017 593 πεπόνθαμεν
1057 527 1156 580 οὐκ
1196 526 1260 598 ἐᾷ
1298 526 1454 596 λῆξαι
1494 530 1676 598 λόγον.

194 635 214 668 5
350 615 434 668 32.
469 613 608 684 Ἐγὼ
651 612 710 668 δὲ
756 617 927 668 τᾶλλα
972 615 1073 684 μὲν
1120 617 1208 668 καὶ
1256 618 1516 686 αἰδοῦμαι
1562 616 1783 671 τουτονὶ
1831 620 1928 671 τὸν

237 711 401 758 θεῖον
438 703 529 758 καὶ
570 715 704 774 τιμῶ
744 706 809 757 τὰ
849 707 1170 774 γιγνόμενα,
1221 705 1281 759 ἐν
1321 703 1381 758 δὲ
1433 705 1669 769 ἐξετάσει
1706 715 1806 760 τοῦ
1847 708 1928 759 δι-

237 797 397 847 καίου
453 793 644 860 δέομαι
707 795 778 862 μὴ
842 793 1104 862 γενέσθαι
1167 794 1489 859 πλεονεξίαν
1548 796 1651 863 τὴν
1710 796 1929 864 ἡλικίαν

239 883 403 955 αὐτῷ.
443 882 504 945 ὃς
542 882 804 952 ἐτόλμησε
842 884 981 951 πρὸς
1018 892 1133 946 τοῖς
1173 884 1359 946 ἄλλοις
1388 882 1479 936 καὶ
1517 891 1927 954 συκοφαντῆσαι

236 973 338 1041 τὴν
399 971 605 1026 ἀθλίαν
669 970 964 1041 Ἀλκίππην
1025 971 1202 1040 λέγων
1263 972 1435 1042 αὐτὴν
1495 977 1768 1041 πληγῆναι
1829 974 1930 1042 τὴν

171 1080 215 1113 10
239 1062 422 1131 ψυχὴν
461 1070 525 1132 τῇ
565 1069 664 1114 τοῦ
705 1061 1027 1130 ἠδικηκότος
1061 1062 1187 1131 δίκῃ
1218 1060 1540 1132 προστιθεὶς
1573 1061 1741 1131 ὕβριν
1770 1062 1929 1131 ὕβρει

237 1151 337 1219 τὴν
375 1149 502 1219 παρ’
549 1150 721 1204 αὑτοῦ
767 1158 831 1220 τῇ
886 1151 1033 1220 παρὰ
1087 1158 1187 1203 τοῦ
1240 1152 1462 1218 παιδός,
1515 1151 1617 1219 τὴν
1663 1150 1767 1204 ἀπὸ
1818 1160 1930 1204 τῶν

239 1242 421 1308 λόγων
466 1247 530 1310 τῇ
578 1241 725 1310 παρὰ
771 1249 882 1292 τῶν
927 1236 1120 1309 ἔργων.
1170 1240 1348 1308 ἐκείνη
1399 1239 1482 1308 δέ,
1531 1242 1582 1293 εἰ
1625 1248 1788 1293 τοῦτο
1828 1241 1929 1293 πύ-

238 1334 418 1397 θοιτο,
458 1336 566 1382 νῦν
603 1331 816 1395 μᾶλλον
855 1327 1047 1396 ἀμύξει
1084 1330 1145 1382 τὸ
1178 1331 1477 1398 πρόσωπον
1510 1329 1542 1398 ἢ
1575 1328 1664 1382 ὅτε
1695 1326 1931 1398 ἔπασχεν

239 1417 272 1470 ἃ
311 1416 609 1470 πέπονθεν.

359 1583 383 1622 9
417 1578 474 1622 cf.
506 1593 550 1635 p.
577 1581 679 1632 430,
701 1583 754 1621 14
772 1593 837 1634 sq.

357 1732 381 1770 6
415 1726 689 1784 γιγνόμενον
722 1727 776 1771 οὐ
809 1724 953 1782 μόνον
982 1724 1035 1771 ’τὸ
1070 1726 1403 1783 ἐνεργούμενον
1427 1726 1541 1771 ἀλλὰ
1566 1727 1645 1770 καὶ
1674 1726 1725 1771 τὸ
1750 1724 1928 1782 ἀνῆκόν

237 1803 329 1830 τινι
361 1787 441 1830 καὶ
472 1784 672 1843 ἁρμόζον
705 1786 849 1830 οἱονεὶ
880 1786 932 1830 τὸ
964 1786 1081 1842 πρὸς
1113 1786 1257 1830 αὐτὸν
1290 1784 1540 1859 ἐρχόμενον
1563 1787 1640 1830 καὶ
1668 1786 1792 1846 αὐτῷ
1817 1799 1927 1842 συμ-

239 1847 403 1905 βαῖνον
434 1846 495 1896 ὡς
527 1847 739 1891 ἐνταῦθα
778 1853 916 1901 τιμῶ
954 1844 1021 1889 τὰ
1060 1844 1386 1902 γιγνόμενα·
1436 1844 1581 1903 ἤγουν
1623 1842 1730 1889 οσον
1765 1832 1927 1900 ἀνήκει

237 1906 319 1949 καὶ
351 1903 584 1963 ἐπιβάλλει
614 1908 675 1963 τῷ
706 1902 824 1963 θείῳ
858 1906 903 1948 Β
935 1908 1008 1962 (=
1034 1905 1195 1948 Thom
1229 1904 1288 1949 M.
1316 1904 1344 1949 l.
1370 1905 1419 1962 l.)

359 2044 381 2082 1
415 2039 497 2083 τὸν
529 2036 769 2095 ευεργέτην
800 2037 889 2096 ἡγῇ
923 2038 1087 2095 scripsi
1123 2051 1179 2081 ex
1211 2039 1368 2083 HOVi
1427 2038 1515 2094 ὴγῆ
1549 2038 1666 2082 VaB
1727 2036 1815 2094 ἡγῇ
1846 2037 1927 2080 τὸν

239 2095 479 2154 εὐεργέτην
514 2097 659 2142 ΜαΟΖ
689 2097 780 2140 edd
902 2102 926 2140 3
961 2097 1010 2142 ἐν
1042 2111 1118 2141 om
1150 2097 1398 2142 HOViMa
1426 2099 1431 2153 Ι
1470 2104 1605 2141 τοῦτο
1639 2097 1731 2141 ἔστι
1763 2095 1928 2169 scripsi

297 2155 433 2201 τοῦτό
467 2157 558 2201 ἐστι
582 2156 691 2200 libri
718 2156 809 2199 edd
929 2162 956 2199 4
982 2154 1036 2200 ὃν
1062 2157 1131 2201 Va
1156 2156 1273 2200 sed
1260 2171 1309 2199 ln
1335 2153 1398 2200 ὧν
1424 2170 1525 2200 corr
1547 2155 1617 2199 m'
1737 2160 1762 2198 5
1788 2150 1928 2198 τᾶλλα

240 2216 333 2261 ΗΟ
356 2218 361 2272 Ι
390 2216 614 2272 αἰδοῦμαι
638 2242 692 2247 -
719 2221 744 2259 6
771 2213 1021 2289 γιγνόμενα
1046 2216 1162 2260 citat
1185 2215 1451 2289 praemissis
1467 2215 1621 2259 verbis
1637 2214 1861 2273 Λιβάνιος
1877 2214 1927 2258 ἐν

238 2281 292 2332 τῇ
327 2275 573 2328 Δικάζεται
598 2276 841 2319 Ποσειδῶν
856 2272 967 2330 Ἄρει
991 2275 1107 2330 ὑπὲρ
1128 2272 1419 2330 Ἁλιρροθίου
1449 2273 1605 2331 μελέτῃ
1639 2273 1839 2317 Thomas
1865 2272 1926 2316 M.

239 2349 284 2390 p.
313 2338 381 2388 73,
400 2339 426 2378 8
459 2349 492 2378 s.
518 2350 558 2378 v.
584 2332 921 2407 γιγνόμενον
951 2336 956 2388 Ι
986 2334 1208 2391 αἰδοῦμαι
1227 2361 1282 2365 -
1302 2334 1500 2407 ὅθεῖον]
1525 2336 1657 2383 θεῖος
1682 2350 1768 2389 γαρ
1795 2328 1930 2382 οὗτος

240 2393 386 2437 Thom
509 2397 533 2436 6
560 2392 781 2451 γινόμενα
812 2394 1029 2438 VaMaOz
1149 2398 1174 2437 9
1207 2390 1383 2437 αθλίαν
1421 2393 1595 2437 inserui
1628 2407 1681 2435 ex
1713 2391 1871 2436 HOVi

241 2467 315 2496 om
350 2453 558 2497 VaBMa
590 2452 708 2496 sed
695 2467 745 2495 m
768 2452 856 2496 hoc
887 2452 935 2495 in
960 2467 1091 2509 marg
1122 2452 1246 2496 inser
1269 2451 1351 2505 m²‚
1379 2453 1432 2497 Ol
1456 2452 1545 2495 edd
1574 2454 1578 2508 Ι
1607 2452 1749 2507 αὐτῆς
1780 2450 1929 2495 HCVi

361 2517 412 2554 11
449 2512 592 2556 αὑτοῦ
618 2512 783 2568 scripsi
868 2512 1011 2555 αὐτοῦ
1044 2511 1153 2555 libri
1179 2511 1269 2555 edd
1393 2517 1447 2554 14
1478 2510 1718 2555 πέπονθεν
1743 2509 1926 2565 reposui

242 2584 266 2614 c
296 2570 430 2614 libris
492 2569 705 2616 πέπονθε
738 2571 827 2615 edd
