2026 3192
210 132 320 183 500
689 131 918 175 LIBANII
952 131 1345 176 DECLAMATIO
1378 133 1419 176 X

209 267 310 320 οὐκ
357 263 427 335 ἣν
474 267 683 336 ἀρκοῦν
732 267 1044 321 ἀποδοῦναί
1089 289 1178 335 μοι
1229 270 1330 337 τὴν
1378 270 1559 322 οἰκίαν
1610 268 1731 322 οὐδ’
1785 269 1904 337 ἐμοὶ

207 353 310 423 μὲν
350 355 548 424 ἀρετὴν
586 364 951 425 μαρτυρῆσαι,
991 353 1049 409 σὲ
1091 354 1151 409 δὲ
1190 367 1372 410 πεῖσαι
1411 359 1483 426 μὴ
1532 359 1907 427 χαλεπαίνειν;Δ

209 442 327 497 ἀλλ’
374 442 655 511 Ἀθηναῖοι
692 445 795 511 μὲν
835 445 1034 507 πάντες
1084 443 1330 516 ἐπῄνουν
1377 446 1466 498 καὶ
1515 449 1905 515 παραπλησίως

210 532 502 586 ἐπείθοντο
551 541 666 595 τοῖς
712 553 768 585 τε
825 534 971 601 παρὰ
1025 541 1124 586 τοῦ
1173 535 1403 587 Πυθίου
1451 532 1541 586 καὶ
1589 543 1700 597 τοῖς
1754 533 1906 602 ἐμοῖς

165 642 184 673 5
209 623 525 691 ψηφίσμασι
564 620 654 674 καὶ
696 624 882 689 λόγοις
921 623 1011 674 καὶ
1051 624 1152 690 τὴν
1191 632 1302 675 τῶν
1343 623 1490 675 ὅλων
1530 627 1806 692 σωτηρίαν
1845 624 1906 677 ἐν

207 717 325 772 ταῖς
374 708 526 778 ἐμαῖς
572 706 722 779 εἶχον
777 709 1144 779 ἀνακειμένην
1199 711 1462 779 γνώμαις·
1520 709 1608 764 σοὶ
1657 710 1704 764 δ’
1751 713 1903 765 οὔπω

207 799 371 861 καλὸς
395 798 640 866 κάγαθὸς
667 797 905 852 ἐδόκουν
929 798 1049 852 οὐδ’
1082 799 1449 868 ἀποχρώντως
1480 801 1903 868 πεπαιδεῦσθαι,

207 889 275 955 νὴ
308 886 407 940 Δί’
418 929 431 951 .,
474 889 652 956 ἔργων
691 889 795 956 γὰρ
831 885 1127 954 ἐπεθύμεις
1159 908 1250 940 και
1282 889 1576 955 τροπαίων.
1643 888 1728 941 30.
1761 887 1903 957 ἀλλ’,

209 973 250 1029 ὦ
290 979 561 1046 πραότατε
607 976 884 1045 πατέρων,
926 977 954 1030 ὁ
996 978 1227 1046 χρηστὸς
1273 975 1364 1029 καὶ
1412 978 1713 1040 σπουδαῖος
1762 976 1902 1046 ἀνὴρ

142 1086 184 1118 10
207 1073 271 1133 τῇ
312 1066 502 1135 γνώμῃ
543 1065 633 1118 καὶ
674 1067 757 1127 οἱς
795 1067 1079 1134 προείλετο
1112 1068 1374 1134 κρίνεται,
1406 1065 1509 1118 κᾶν
1541 1067 1613 1134 μὴ
1645 1067 1705 1118 τὸ
1738 1066 1907 1135 πέρας

207 1153 562 1223 ἀκολουθήσῃ
614 1163 726 1206 τῶν
773 1153 1229 1223 βεβουλευμένων
1284 1153 1464 1223 ἄξιον,
1521 1153 1689 1208 οὐδὲν
1742 1151 1906 1222 ἧττόν

209 1240 322 1295 ἐστι
363 1244 679 1305 σπουδαῖος.
720 1250 883 1296 τοῦτο
922 1243 1026 1309 μὲν
1063 1244 1167 1311 γὰρ
1209 1242 1267 1296 ἐκ
1306 1251 1401 1310 τῆς
1447 1244 1622 1312 Τύχης
1659 1245 1905 1313 ἤρτηται,

208 1337 282 1402 τῷ
319 1328 379 1384 δὲ
421 1333 509 1384 δεῖ
544 1330 719 1400 μηδὲν
758 1327 838 1384 ὧν
878 1330 1148 1400 ἐσκέφθαι
1188 1340 1471 1400 προσῆκον
1510 1337 1814 1401 λελεῖφθαι.

319 1419 405 1472 31.
446 1418 629 1489 ’Έχων
683 1417 788 1474 οὖν
842 1440 949 1486 μου
1002 1428 1099 1488 τῆς
1161 1422 1527 1490 σωφροσύνης
1582 1422 1647 1474 οὐ
1709 1423 1906 1489 μικρὰς

143 1530 184 1562 15
211 1507 330 1561 οὐδ’
379 1509 569 1576 ὀλίγας
607 1510 702 1571 τὰς
741 1509 1047 1573 ἀποδείξεις
1092 1511 1148 1562 τί
1196 1510 1505 1579 περιμένων
1545 1511 1610 1563 οὐ
1652 1510 1904 1578 διηλλάτ-

207 1618 333 1667 τους
387 1601 484 1666 μία
531 1599 636 1666 γὰρ
686 1598 944 1665 ἐκκλησία
991 1601 1253 1666 κρείττων
1300 1599 1402 1651 οὐκ
1448 1598 1519 1651 ἂν
1566 1595 1635 1666 ἦν
1681 1600 1904 1661 δικαίως

208 1695 303 1755 τῆς
343 1686 747 1756 ἀποκηρύξεως;
802 1684 920 1739 ἀλλ’
968 1685 1048 1739 ἑνὶ
1094 1688 1193 1740 τὸν
1238 1686 1457 1755 ἀγαθὸν
1502 1688 1640 1756 ἡγοῦ
1689 1688 1903 1740 δείκνυ-

118 1780 240 1823 RIV
258 1785 343 1824 398
397 1781 548 1841 σθαι,
589 1785 704 1838 ταῖς
735 1778 926 1838 νίκαις.
966 1779 1156 1838 καλῶς.
1196 1777 1395 1839 ταύτας
1430 1779 1437 1841 Ι
1471 1778 1665 1829 τοίνυν
1703 1775 1905 1844 ἀνῃρή-

208 1885 317 1975 μην
357 1863 439 1918 ἐπ’
483 1863 793 1936 Ἀρτεμισίω
844 1865 932 1916 καὶ
979 1865 1166 1934 πρώτη
1214 1868 1490 1936 ναυμαχία
1536 1863 1626 1917 καὶ
1675 1863 1904 1934 δευτέρᾳ

281 2029 384 2127 471110
400 2025 557 2127 20Dem.
598 2040 644 2080 p
671 2029 771 2078 320,
791 2028 845 2067 23
1002 2029 1054 2067 19
1098 2024 1205 2069 Her
1236 2024 1342 2066 VIII
1367 2028 1392 2067 9
1434 2026 1481 2067 et
1522 2028 1576 2067 15
1595 2039 1661 2079 sq
1714 2027 1719 2080 Ι
1771 2023 1902 2068 Dem.

209 2099 253 2139 P·
371 2119 383 2137 s

330 2235 352 2274 1
389 2234 494 2287 post
518 2231 694 2286 ἀρκοῦν
718 2245 793 2275 ras
820 2237 845 2274 2
864 2231 943 2275 litt
960 2231 1002 2274 L
1030 2233 1036 2288 Ι
1065 2229 1243 2284 οἰκίανς
1279 2233 1315 2275 (J
1433 2236 1458 2272 2
1492 2231 1678 2287 signum
1705 2231 1901 2274 interro-

210 2289 413 2345 gationis
445 2291 580 2346 posui
613 2305 668 2335 ex
692 2292 727 2334 I
781 2292 1006 2347 punctum
1038 2290 1208 2345 reliqui
1239 2289 1349 2333 libri
1382 2290 1472 2333 edd
1603 2295 1625 2333 7
1660 2291 1902 2347 ἀποχρῶν-

210 2350 336 2398 τοςΙ
357 2352 362 2405 Ι
390 2351 761 2403 πεπαιδεῦσθαι;
789 2351 896 2394 Lau
1017 2354 1041 2393 8
1068 2352 1293 2406 punctum
1316 2349 1465 2406 posui,
1495 2348 1681 2406 signum
1706 2349 1901 2392 interro-

210 2407 414 2464 gationis
446 2408 555 2452 libri
589 2409 679 2453 edd
802 2414 826 2452 9
860 2408 1090 2463 πραότατε
1123 2410 1155 2452 Ι
1178 2411 1183 2462 Ι
1212 2408 1329 2464 ἀνὴρ
1362 2408 1443 2451 καὶ
1475 2411 1730 2458 σπουδαῖος
1755 2410 1786 2451 Ι

214 2471 266 2509 10
299 2466 534 2522 προείλετο
567 2468 731 2525 scripsi
764 2469 954 2512 auctore
987 2467 1145 2511 Gasda
1181 2467 1272 2510 coll
1303 2467 1432 2511 Dem.
1459 2466 1487 2510 l.
1515 2467 1544 2509 l.
1623 2466 1899 2522 προείληπτο

211 2527 397 2570 BILau
429 2527 519 2570 edd
580 2525 885 2583 προσείληπτο
915 2526 952 2570 (J
1008 2526 1188 2582 προήρη
1221 2543 1272 2571 το
1298 2527 1340 2569 L
1366 2527 1443 2569 sed
1472 2525 1558 2582 ήρη
1584 2542 1634 2569 το
1661 2526 1708 2568 in
1733 2540 1806 2569 ras
1832 2525 1901 2567 m2

333 2590 386 2629 15
419 2583 527 2630 οὐδὲ
557 2587 637 2631 OB
665 2593 671 2643 ι
699 2603 742 2630 τι
766 2588 800 2630 Ι
918 2590 968 2628 16
1002 2593 1168 2640 κριτῶν
1196 2586 1234 2629 G
1256 2589 1262 2641 1
1291 2587 1405 2640 „uim
1437 2586 1616 2629 videtur
1648 2584 1897 2631 delendum.

211 2658 308 2687 una
337 2645 437 2689 sola
459 2646 613 2690 concio
639 2647 859 2701 potuisset
883 2645 1214 2689 abdicationem
1238 2645 1459 2690 iniustam
1482 2658 1643 2688 rursus
1667 2645 1899 2700 abroyare,

211 2708 265 2756 et,
296 2705 338 2747 si
366 2705 541 2758 fecisset
571 2705 620 2748 id
651 2706 750 2749 iure
782 2706 965 2748 merito“
999 2703 1067 2747 Re
1100 2704 1181 2747 sed
1222 2703 1362 2746 simul
1399 2709 1481 2758 τῆς
1511 2701 1678 2746 ἀδίκου
1721 2703 1899 2757 ἀποκη-

212 2761 382 2816 ρύξεως
412 2762 517 2806 coni
641 2768 692 2806 17
727 2764 911 2820 signum
944 2762 1324 2819 infierrogafiionis
1357 2762 1505 2818 posui,
1537 2763 1762 2818 punctum
1789 2760 1899 2803 libri

213 2820 305 2863 edd
429 2826 482 2865 18
513 2823 621 2877 post
659 2820 811 2872 νίκαις
854 2824 1079 2878 punctum
1122 2821 1277 2878 posui,
1323 2834 1502 2865 comma,
1541 2821 1670 2874 Lau,
1714 2820 1898 2877 signum

212 2878 590 2936 interrogationis
629 2881 799 2936 reliqui
830 2880 939 2923 libri
971 2881 1062 2924 edd
1207 2884 1259 2923 19
1294 2877 1368 2923 ἐπ’
1398 2894 1471 2923 om
1500 2880 1538 2924 (J
1582 2883 1587 2935 Ι
1638 2877 1759 2922 κάτω
1793 2881 1899 2934 post

214 2937 448 2998 ναυμαχίᾳ
478 2939 670 2984 OBLau
730 2953 805 2983 ras
840 2944 865 2982 4
897 2939 975 2982 litt
999 2940 1042 2983 L
