2054 3192
534 137 763 182 LIBANII
792 136 1097 182 APOLOGLA
1129 136 1413 181 SOCRATIS
1758 137 1830 190 95

138 277 331 328 τοίνυν
369 274 472 327 κάν
510 282 627 336 τοῖς
666 272 946 342 δευτέροις
977 275 1321 342 κυβερνήτου
1351 277 1692 341 προπετειάς,
1729 274 1829 342 οὐχ

139 362 338 416 ἑαυτοῦ
376 366 567 425 κακίας
606 363 865 432 ὑποσχὼν
905 364 1066 430 δίκην
1113 360 1204 415 καὶ
1246 362 1388 425 ὅλως
1432 372 1544 415 τῶν
1589 359 1691 431 μὲν
1729 360 1831 427 ἔξω

137 453 500 521 κεκρατηκὼς,
554 454 856 519 βασκανίας
913 449 973 504 δὲ
1035 459 1130 520 τῆς
1183 447 1309 521 παρ’
1371 451 1504 518 ὑμῖν
1558 451 1832 519 ἡττηθείς,
1910 510 1913 511 ⁷

137 542 279 594 πολὺ
342 537 402 593 δὲ
464 549 575 594 τῶν
644 540 990 609 ἐκβαλόντων
1051 540 1223 593 αὐτὸν
1291 541 1697 608 χρησιμώτερος
1765 548 1829 610 τῇ

136 632 305 682 πόλει.

252 718 373 771 142.
411 719 522 771 Καὶ
562 726 733 772 ταῦτα
774 720 1014 825 διῆλθον
1054 718 1156 772 οὐκ
1190 716 1543 787 Ἀλκιβιάδου
1583 716 1673 770 καὶ
1708 722 1829 771 Σω·

138 808 372 877 κράτους
410 808 573 878 χάριν
618 812 829 877 μᾶλλον
875 806 908 876 ἢ
938 808 1115 876 ὑμῶν
1163 805 1253 860 καὶ
1301 815 1396 875 τῆς
1443 806 1731 876 ὑμετέρας,
1787 804 1829 860 ὦ

125 895 428 965 Ἀθηναῖοι,
469 895 645 965 δόξης.
687 898 772 950 δεῖ
810 899 914 966 γὰρ
954 897 1095 964 ὑμᾶς
1134 896 1237 949 οὐκ
1276 896 1461 965 ἀσεβεῖ
1496 896 1830 966 διηλλάχθαι

137 987 340 1055 δοκεῖν,
379 986 518 1040 ἀλλὰ
564 988 662 1039 τὸν
702 987 870 1039 οὐδὲν
909 986 1205 1054 ἠδικηκότα
1258 984 1674 1054 καταδεδέχθαι.
1737 985 1830 1038 ἵνα

138 1072 198 1128 δὲ
237 1075 372 1129 ὅσον
409 1078 652 1144 περιέστι
692 1084 767 1147 τῷ
807 1074 936 1128 νυνὶ
975 1074 1284 1147 κρινομένῳ
1324 1084 1436 1127 τῶν
1479 1075 1710 1127 δικαίων
1749 1071 1824 1127 ἔτ’

138 1165 366 1233 ἄμεινον
403 1164 634 1233 μάθητε,
675 1167 812 1218 ἔστω
855 1164 956 1234 μὲν
990 1162 1338 1232 Ἀλκιβιάδης
1383 1164 1555 1232 μηδὲν
1595 1166 1830 1228 Κριτίου

137 1257 395 1322 βελτίων,
449 1251 588 1307 ἔστω
644 1255 705 1307 δὲ
760 1254 1061 1323 Σωκράτης
1116 1254 1446 1315 διδάσκαλος
1493 1253 1522 1306 ὁ
1575 1253 1831 1320 μηδαμοῦ

136 1342 332 1412 μηδενὶ
371 1350 534 1396 τοῦτο
575 1343 967 1413 ὑποσχόμενος.
1024 1341 1353 1407 ἐξεταζέσθω
1402 1342 1462 1395 δὲ
1507 1338 1634 1411 παρ’
1680 1341 1830 1410 ὑμῖν,

138 1434 185 1486 εἰ
238 1440 334 1500 τῆς
383 1443 495 1486 τῶν
551 1434 652 1486 οὐκ
707 1433 1096 1501 ἐθελησάντων
1141 1431 1174 1501 ἢ
1223 1434 1295 1501 μὴ
1352 1431 1715 1500 δυνηθέντων
1770 1451 1831 1499 γε

136 1527 340 1591 μαθεῖν
377 1525 568 1585 κακίας
607 1523 636 1576 ὁ
678 1522 895 1586 διδάξαι
944 1542 1006 1591 γε
1045 1520 1349 1590 βουληθεὶς
1387 1521 1725 1583 ὑπεύθυνος.
1779 1522 1829 1574 εἰ

137 1612 241 1679 γὰρ
281 1611 310 1664 ὁ
349 1608 452 1678 μὲν
489 1609 677 1679 ἔλεγεν
717 1611 745 1664 ὃ
785 1619 1047 1665 ποιοῦσιν
1078 1611 1148 1664 ἂν
1180 1613 1536 1679 συνήνεγκεν,
1575 1610 1628 1662 οἱ
1669 1610 1730 1663 δὲ
1763 1610 1830 1662 οὐ

135 1710 434 1769 προσεῖχον
473 1703 572 1754 τὸν
611 1708 751 1754 νοῦν
788 1699 990 1767 ἑτέρων
1030 1701 1218 1763 αὐτοῖς
1257 1700 1621 1769 ἀρεσκόντων,
1661 1703 1717 1752 τί
1747 1701 1835 1752 δεῖ

139 1791 443 1859 Σωκράτην
482 1788 600 1842 ἀντ’
645 1789 874 1844 ἐκείνων
907 1799 1112 1859 μισεῖν,
1153 1791 1334 1859 ὥσπερ
1367 1787 1437 1841 ἂν
1469 1794 1525 1841 εἴ
1549 1809 1633 1852 τις
1664 1808 1829 1857 γεωρ-

138 1881 239 1946 γὸν
293 1879 466 1947 μηδὲν
518 1882 900 1947 παραλιπόντα
954 1888 1066 1932 τῶν
1118 1877 1244 1948 περὶ
1306 1880 1406 1948 τὴν
1468 1885 1573 1946 γῆν
1624 1880 1830 1942 πόνων,

138 1967 275 2020 ἀλλὰ
320 1966 411 2020 καὶ
459 1969 611 2037 χερσὶ
659 1967 749 2021 καὶ
797 1969 1014 2021 σκεύεσι
1061 1966 1150 2020 καὶ
1178 1968 1364 2035 βουσὶ
1419 1965 1510 2019 καὶ
1559 1966 1828 2036 σπέρμασι

258 2150 279 2187 1
314 2144 429 2188 Xen.
461 2143 582 2188 Hell.
614 2143 635 2187 Ι
667 2149 708 2199 ὅ,
728 2149 779 2187 11
800 2158 867 2200 sq.
992 2148 1045 2187 12
1078 2143 1258 2201 Polycr.
1292 2143 1420 2200 apud
1451 2143 1586 2186 Isocr.
1621 2143 1726 2186 Bus.
1753 2147 1777 2196 ξ
1804 2148 1829 2184 5

137 2218 181 2260 p.
209 2208 294 2247 222
313 2203 342 2246 d
467 2208 520 2246 16
552 2203 670 2247 Plat.
704 2203 941 2260 Euthyph.
974 2218 1019 2260 p.
1048 2203 1130 2246 2D

257 2372 280 2410 1
316 2366 365 2411 ἐν
397 2368 491 2411 Ath
518 2367 524 2425 1
553 2364 772 2421 δευτέρας
802 2368 897 2411 Ath
965 2366 1172 2423 ὑστέροις
1202 2365 1389 2425 χρόνοις
1420 2366 1523 2410 coni
1555 2365 1712 2408 Naber

139 2430 164 2468 3
196 2426 308 2481 ὑμῖν
339 2425 505 2483 scripsi
537 2441 593 2470 ex
625 2427 718 2471 Ath
730 2427 894 2471 UVaB
956 2426 1068 2482 ἡμῖν
1102 2428 1191 2470 Μα
1251 2426 1382 2481 ὑμῶν
1413 2425 1505 2469 edd
1627 2431 1654 2468 4
1686 2425 1833 2468 αὐτὸν

139 2485 302 2553 scripsi
349 2487 538 2529 auctore
581 2484 740 2529 Gasda
824 2485 965 2536 αὐτὸς
1010 2485 1119 2529 libri
1163 2485 1254 2529 edd
1414 2489 1439 2527 9
1482 2482 1738 2541 καταδεδέχ
1741 2486 1829 2527 θαι

138 2544 303 2601 scripsi
343 2547 531 2588 auctore
563 2543 736 2589 Cobeto
776 2558 881 2588 cum
920 2544 1023 2602 Rng
1099 2544 1325 2602 δεδέχθαι
1362 2543 1473 2587 libri
1505 2543 1605 2587 Mor
1621 2543 1689 2586 Re

141 2608 195 2646 13
227 2604 393 2660 μηδενὶ
422 2604 610 2660 reposui
643 2618 698 2647 ex
720 2605 869 2649 AthU
874 2560 1023 2648 VaBg
1052 2603 1196 2660 μηδὲν
1206 2562 1312 2648 χΜα
1335 2603 1427 2647 edd
1454 2607 1460 2659 Ι
1488 2610 1623 2646 τοῦτο
1655 2601 1829 2645 inserui

140 2677 164 2705 e
195 2662 328 2706 libris
390 2677 467 2706 om
499 2663 684 2707 Mol-Re
743 2670 926 2707 τοιοῦτο
952 2666 1140 2707 auctore
1165 2662 1324 2706 Gasda
1347 2662 1450 2719 Rog
1477 2664 1482 2717 Ι
1510 2663 1619 2717 ὑμῖν
1643 2660 1828 2716 reposui

141 2736 164 2764 e
196 2721 328 2765 libris
391 2723 519 2778 ὑμῶν
559 2722 651 2766 edd
775 2728 829 2766 14
869 2722 910 2766 εἰ
940 2728 1022 2778 τῆς
1058 2722 1244 2778 reposui
1278 2735 1302 2764 e
1337 2721 1526 2766 MaUV
1524 2722 1602 2765 aB
1641 2722 1830 2763 auctore

138 2780 207 2824 Re
224 2795 329 2824 cum
344 2781 447 2838 Rog
510 2780 558 2825 εἴ
574 2798 643 2831 τις
659 2782 753 2826 Ath
769 2781 956 2826 MorRe
1067 2786 1121 2825 16
1147 2780 1192 2825 οἱ
1217 2783 1265 2824 et
1292 2786 1343 2824 17
1369 2787 1619 2837 προσεῖχον
1643 2779 1830 2835 reposui

141 2853 164 2882 e
196 2839 328 2883 libris
361 2842 548 2884 auctore
580 2841 649 2884 Re
682 2855 788 2884 cum
818 2840 922 2897 Rog
997 2839 1021 2883 ὁ
1054 2843 1102 2884 et
1132 2848 1394 2897 προσεῖχε
1377 2840 1479 2883 Mor
1498 2839 1564 2883 Re
1703 2842 1756 2881 18
1789 2836 1839 2882 εἴ

139 2899 314 2941 inserui
345 2899 612 2943 auctoribus
645 2898 800 2943 Gasda
831 2902 879 2943 et
912 2899 1084 2944 Cobeto
1117 2899 1286 2943 Mnem.
1311 2899 1375 2942 III
1407 2904 1488 2942 151
1532 2912 1636 2941 cum
1668 2897 1771 2954 Rog

141 2971 215 3006 Qm
246 2957 355 3006 libri
381 2957 614 3008 *MoxRe
666 2963 748 3007 „19
781 2956 1254 3015 παραλείπονταᾼθι
1268 2959 1433 3003 UVaB

1856 1097 1902 1129 10

1855 1543 1902 1575 15

1855 1990 1904 2021 20
