2026 3192
568 119 1005 165 THEMISTOCLIS
1038 120 1124 164 AN
1125 120 1371 165 TILOGIA
1706 121 1813 173 497

123 258 227 312 οὐκ
280 256 558 327 ἐβουλήθη
616 260 966 325 λογίσασθαι.
1020 259 1076 309 τί
1127 252 1230 310 οὖν
1282 257 1396 310 ε’στι
1450 258 1511 310 τὸ
1569 256 1815 326 ἐκείνων;

123 355 406 413 σκιρτῶσι,
454 347 694 414 πηδῶσι,
743 346 1173 414 δυσχεραίνουσι
1213 348 1314 415 τὴν
1354 347 1608 414 ζεύγλην,
1656 366 1815 399 κατα-

121 436 381 504 ράττουσι
422 437 520 488 τὸν
558 436 810 503 ἡνίοχον,
855 433 1180 502 ἐκβαίνουσί
1213 456 1264 487 τι
1305 445 1416 488 τῶν
1455 434 1814 503 τεταγμένων.

119 523 237 578 ἀλλ’
299 523 413 577 οὔτ’
476 524 684 593 ἀθυμεῖ
733 524 948 576 τούτων
1002 523 1348 592 γιγνομένων
1409 525 1629 593 ἡνίοχος
1691 522 1806 577 οὔτ’

118 613 427 683 ἀχρήστους
466 612 675 681 ἡγεῖται
715 614 844 674 τοὺς
884 612 1275 682 ἐγρηγορότας,
1316 610 1433 665 ἀλλ’
1481 615 1632 666 ἔστιν
1672 613 1818 684 αὐτῷ
1860 634 1879 665 5

120 711 290 756 ταῦτα
342 712 537 772 σημεῖα
599 710 694 771 τῆς
755 703 1060 771 μελλούσης
1121 701 1315 771 ἀρετῆς
1376 701 1466 755 καὶ
1529 701 1685 770 φέρει
1747 702 1814 754 τὰ

117 793 364 844 δύσκολα
401 801 513 844 τῶν
551 792 750 844 πώλων
783 790 871 844 ἐπὶ
903 799 967 861 τῇ
999 801 1110 844 τῶν
1144 791 1418 860 δευτέρων
1451 791 1649 857 ἐλπίδι,
1681 792 1811 853 τοὺς

118 879 183 933 δέ
207 900 270 948 γε
294 881 523 943 ὑπτίους
554 881 643 934 καὶ
676 881 1054 943 καθεύδοντας
1090 881 1095 950 Ι
1130 881 1221 933 καὶ
1251 882 1352 949 τὴν
1384 881 1631 948 κεφαλὴν
1677 883 1796 928 RIV
1814 888 1898 928 396

117 969 219 1022 οὐκ
274 975 532 1038 αἴροντας
587 966 724 1023 οὐδὲ
771 971 1163 1037 θορυβοῦντας
1216 971 1315 1023 τὸν
1377 969 1680 1023 ἐλαύνοντα
1743 970 1809 1023 οὐ

115 1055 327 1128 πρᾴους
367 1055 497 1110 οὐδὲ
540 1059 849 1127 σώφρονας,
890 1057 1028 1112 ἀλλὰ
1059 1064 1263 1121 νωθεῑς
1294 1062 1517 1128 νομίζει.
1579 1058 1663 1111 25.
1705 1052 1800 1112 εἶτ’
1834 1080 1876 1111 ιο

117 1144 204 1199 ἐπὶ
243 1146 345 1213 μὲν
384 1157 495 1199 τῶν
535 1148 718 1200 ἵππων
757 1154 921 1200 τοῦτο
953 1155 1244 1210 ποιοῦντες
1283 1144 1344 1201 εὗ
1382 1157 1614 1218 φρονεῖν
1655 1146 1808 1211 δόξο-

113 1254 232 1303 μεν,
272 1244 387 1298 τοῖς
428 1236 488 1289 δὲ
526 1235 732 1304 υἱέσιν,
772 1235 842 1290 ἂν
886 1237 992 1289 ὑπὸ
1034 1245 1129 1305 τῆς
1168 1237 1403 1306 εὐφυίας
1443 1237 1808 1306 ἐκτείνωνται,

66 1357 68 1359 ·
113 1325 214 1392 τὴν
276 1326 458 1377 οἰκίαν
521 1324 818 1395 ἀλλοτρίαν
871 1328 1303 1394 καταστήσομεν;
1364 1328 1542 1385 καίτοι
1594 1330 1806 1393 μᾶλλον

111 1409 222 1481 ἔχει
263 1415 432 1481 λόγον
470 1416 600 1476 τοὺς
639 1415 862 1483 βραδεῖς
908 1413 1276 1483 ἐκβαλλοντας
1321 1424 1433 1468 τῶν
1479 1414 1649 1479 ὀξέων
1695 1419 1805 1485 ἔχε-

112 1507 248 1555 σθαι
290 1501 319 1570 ἢ
361 1500 605 1565 ἐκείνους
635 1501 959 1570 ἀγαπῶντας
990 1504 1207 1566 τούτοις
1239 1502 1311 1566 ὡς
1340 1515 1607 1573 πονηροῖς
1644 1524 1804 1579 μαχε-
1830 1526 1873 1558 15

111 1595 262 1643 σθαι
304 1598 408 1643 νῦν
448 1588 509 1643 δε
542 1592 855 1660 [Μιλτιάδης
886 1612 988 1661 μεν
1020 1591 1266 1661 στέργων
1302 1594 1541 1646 διατελεῖ
1572 1597 1804 1660 Κίμωνα

110 1678 177 1732 ὃν
210 1684 340 1747 ἴστε,
372 1678 462 1733 καὶ
494 1679 596 1733 οὐκ
628 1678 922 1749 ἐποιήσατο
955 1682 1058 1749 τὴν
1082 1682 1346 1750 εὐήθειαν
1375 1690 1477 1735 τοῦ
1507 1684 1804 1737 νεανίσκου

110 1769 249 1835 πρὸς
296 1768 636 1838 ἀποκήρυξιν
683 1772 891 1837 αίτιάν,
941 1780 1053 1823 τῶν
1100 1771 1162 1823 δὲ
1209 1769 1355 1837 ἐμῶν
1401 1771 1429 1824 ὁ
1476 1773 1653 1841 πατὴρ
1701 1771 1802 1825 οὐκ

110 1856 367 1926 ἠνέσχετο
404 1859 801 1927 σκιρτηματων,
840 1863 1052 1925 μᾶλλον
1084 1857 1145 1912 δε
1176 1861 1272 1922 τὰς
1303 1861 1471 1923 ἄλλας
1501 1864 1803 1924 νουθεσίας

109 1945 372 2049 ἀτιμάσας
410 1945 713 2015 απεκύρυξε
751 1955 847 2015 τῆς
886 1949 1062 2011 οἰκίας
1099 1947 1190 2001 καὶ·
1222 1949 1367 2017 λέγει
1398 1950 1471 2018 μὴ
1503 1958 1801 2018 μισοῦντος
1825 1971 1869 2003 20

227 2097 252 2135 2
278 2091 384 2136 Eur.
405 2092 479 2136 Or.
497 2097 568 2136 45.
595 2092 762 2137 Eubul.
781 2107 895 2138 com
922 2093 1173 2147 fr.111242‚
1194 2099 1232 2150 1,
1260 2095 1351 2138 6Μ
1375 2094 1471 2150 (111
1498 2110 1543 2151 p.
1564 2099 1648 2139 190
1653 2096 1798 2154 ,75Κ)

107 2151 158 2194 Il.
186 2154 209 2203 ζ
239 2157 346 2204 506;
380 2169 403 2196 ο
429 2157 515 2196 263
533 2166 601 2208 sq.

229 2290 250 2327 1
286 2285 336 2329 δὲ
361 2287 470 2328 ante
495 2287 579 2330 οὐκ
606 2287 642 2329 C
667 2288 673 2342 Ι
702 2285 943 2344 ἠβουλήθη
974 2287 1012 2330 C
1034 2285 1075 2343 Ι’
1083 2284 1251 2331 κείνων
1278 2288 1316 2332 C
1434 2291 1458 2329 2
1490 2287 1575 2344 τὴν
1608 2288 1797 2345 ζεύγλην

107 2343 272 2401 scripsi
333 2344 383 2387 τὸ
417 2348 602 2401 ζεῦγλον
633 2345 742 2389 libri
775 2346 856 2388 sed
888 2363 942 2402 γρ
974 2345 1059 2401 τὴν
1091 2346 1282 2402 ζεύγλην
1314 2360 1528 2403 suprascr
1552 2347 1614 2399 1²,
1646 2347 1737 2391 edd

106 2402 442 2458 καταράττουσι
474 2403 640 2460 scripsi
672 2418 727 2447 ex
758 2406 896 2449 ILau
958 2404 1295 2459 καταράττουσι
1320 2407 1365 2450 Β
1427 2406 1796 2462 καταρράσσουσι

109 2463 188 2507 GL
220 2463 310 2507 edd
446 2468 472 2505 4
505 2461 762 2519 γινομένων
787 2465 867 2508 BI
998 2469 1021 2507 7
1055 2462 1214 2509 πόνων
1241 2465 1277 2509 C
1410 2469 1436 2508 8
1469 2481 1519 2522 γε
1551 2479 1627 2509 om
1650 2468 1686 2510 I

108 2527 159 2565 11
195 2528 329 2565 τοῦτο
362 2529 604 2574 ποιοῦντες
641 2523 690 2566 in
721 2536 797 2566 ras
822 2522 888 2567 L²
1034 2528 1087 2566 12
1119 2530 1342 2568 κινῶνται
1372 2524 1410 2568 C
1482 2523 1796 2570 ἀκταίνωνται

106 2580 348 2636 Wyttenb.
375 2595 446 2637 ep.
473 2581 573 2625 crit.
600 2583 662 2625 ad
693 2582 877 2625 Ruhnk.
990 2587 1044 2626 59
1079 2582 1178 2639 (Iul.
1213 2582 1261 2626 in
1294 2582 1448 2627 Const.
1474 2584 1544 2627 ed.
1577 2584 1796 2630 Schaefcr

104 2654 148 2696 p.
168 2643 270 2696 274)
296 2642 342 2684 ct
367 2640 527 2683 Iacobs
553 2640 660 2684 Add
686 2645 740 2684 70
803 2597 1068 2694 ἐξιστΡῶνται
1093 2641 1250 2685 Gasda
1310 2641 1605 2687 ἐντείνωνται
1637 2643 1795 2688 Ruhn-

104 2697 197 2743 ken
229 2713 300 2771 cp.
334 2700 393 2742 ad
427 2698 665 2766 Wyifftcnb.
699 2700 770 2743 ed.
804 2700 974 2744 Mahnc
1005 2715 1049 2756 p.
1079 2707 1130 2745 11
1208 2715 1320 2744 num
1351 2702 1652 2747 ἑκκινῶνταιῬ

107 2763 160 2800 13
193 2756 346 2802 καίτοι
377 2758 542 2814 scripsi
573 2772 598 2802 e
628 2760 858 2803 BLILau
934 2758 1013 2803 καί
1046 2777 1151 2804 τινα
1186 2762 1223 2804 Ο
1279 2761 1355 2804 καὶ
1390 2759 1434 2804 τί
1466 2761 1557 2804 cdd
1640 2759 1791 2807 καίτοι

103 2814 148 2859 τί
179 2816 335 2860 Gasda
473 2815 565 2860 15'
573 2815 758 2868 κείνους
784 2819 821 2862 C
955 2822 1008 2861 16
1042 2819 1099 2875 δὴ
1133 2819 1289 2863 Gasda
1317 2822 1323 2875 Ι
1350 2821 1441 2887 μὲν
1465 2834 1541 2864 om
1567 2822 1676 2865 Lau

107 2880 159 2917 17
194 2873 335 2929 ὅνπερ
361 2878 395 2920 Ι
508 2881 564 2920 20
596 2874 824 2933 ἀπέρρηξε
853 2878 1025 2921 CILau
1086 2893 1197 2922 num
1222 2879 1338 2938 <καὶ
1370 2877 1589 2938 ἐξέβαλε)
1618 2880 1794 2923 adden-

104 2933 216 2977 dum
248 2934 337 2978 coll
368 2951 413 2991 p.
439 2940 539 2990 468,
559 2940 614 2979 5‘?

194 3016 389 3048 Lamnus
414 3017 472 3049 ed.
495 3018 733 3050 Feci-ater.
769 3019 813 3050 V.
1381 3016 1435 3055 32
