2054 3192
247 150 350 203 106
740 151 970 195 LIBANII
999 150 1391 196 DECLAMATIO
1422 151 1444 195 I

150 291 270 335 RIII
289 296 343 335 57
421 288 574 349 πείας
614 287 835 355 φύσεως
874 289 1110 355 νόσημα,
1149 289 1210 340 τὸ
1261 285 1267 357 Ι
1319 285 1369 340 δ’
1412 287 1715 342 ὑπακούειν
1747 287 1806 342 ἐκ
1832 297 1931 343 τοῦ

171 1109 212 1142 10

239 376 526 443 βασιλείαν
573 378 767 443 σφίσιν
814 374 1082 446 ἐφορμεῖν
1131 376 1374 445 μεγάλην
1429 376 1658 446 συνέβη,
1713 379 1815 447 τὴν
1869 378 1930 432 δὲ

240 468 478 534 Περσῶν
527 466 688 533 ἰσχὺν
743 464 808 518 οὐ
851 467 1196 534 Πυθαγόρας
1251 464 1384 517 οὐδὲ
1430 464 1739 534 Μέλισσος,
1794 465 1932 520 ἀλλά

238 555 428 621 Κῦρος
482 556 732 622 Κροῖσον
792 554 1048 607 καθελὼν
1110 553 1331 622 ἐποίησε
1393 552 1483 607 καὶ
1545 551 1657 624 μετ’
1718 554 1931 609 ἐκεῖνον

239 647 490 711 Δαρεῖος.
571 641 691 694 159.
731 640 846 695 ἐπεὶ
888 642 970 694 ὅτι
1002 642 1172 694 ταῦτά
1204 662 1265 710 γε
1298 642 1399 695 οὐκ
1431 641 1647 696 ἐνιᾶσιν
1685 644 1738 696 οἱ
1770 658 1930 714 σοφι-

239 731 362 783 σταὶ
401 729 520 783 οὐδ’
561 730 847 799 ἀγαπῶσιν
878 731 926 784 εἰ
958 732 1092 799 ἔστι,
1123 738 1466 800 μαρτυροῦσι
1500 726 1929 799 Λακεδαιμόνιοι

237 820 325 872 καὶ
366 820 757 883 στασιάσαντες
795 818 882 889 ἐφ’
929 820 1064 873 ὅσον
1104 820 1206 889 οὐχ
1245 818 1423 889 ἕτεροι
1462 822 1667 891 χρόνον
1705 820 1794 874 καὶ
1829 822 1930 890 τὴν

236 917 349 961 τῶν
387 908 706 978 ἀρχομένων
745 906 901 972 τάξιν
938 910 1356 978 μεταλαβόντες,
1401 909 1503 962 οὐκ
1542 907 1729 979 ἐπειδὴ
1771 924 1930 977 σοφι-

238 1006 391 1060 σταῖς
453 997 698 1070 ἀνέῳξαν
758 999 861 1066 τὴν
923 999 1216 1068 Σπάρτην,
1280 995 1396 1050 ἀλλ’
1459 998 1543 1051 ὅτι
1605 1001 1931 1061 Παυσανίας

238 1085 470 1155 ἀσελγὴς
516 1083 586 1155 ἦν
631 1085 722 1140 καὶ
770 1089 944 1156 βαρὺς
995 1087 1085 1140 καὶ
1123 1095 1240 1150 τοῖς
1280 1085 1542 1156 Ἕλλησιν
1582 1087 1648 1140 οὐ
1690 1088 1930 1158 φορητὸς

237 1175 266 1228 ὁ
320 1177 679 1245 μηδεπώποτε
734 1178 1008 1245 σοφιστὴν
1064 1174 1215 1229 ἰδών.
1296 1175 1416 1229 160.
1457 1217 1468 1228 .
1502 1217 1514 1229 .
1540 1219 1550 1229 .
1576 1218 1587 1229 .
1613 1219 1660 1228 ..
1709 1176 1806 1239 οὓς
1860 1178 1928 1246 δὴ

235 1265 326 1318 καὶ
363 1264 487 1334 περὶ
525 1265 929 1336 Θρασυβούλου
968 1264 1059 1318 καὶ
1092 1267 1373 1334 Κόνωνος,
1413 1266 1498 1318 ὅτι
1533 1267 1929 1336 Θρασύβουλος

234 1351 336 1423 μὲν
374 1355 464 1408 καὶ
505 1357 708 1408 Κόνων
745 1355 918 1422 ἤστην
965 1354 1036 1407 ὀὲν
1082 1353 1342 1423 ἀμείνους
1390 1352 1516 1424 περὶ
1563 1357 1764 1422 λόγους
1810 1356 1928 1407 δια-

356 1550 380 1588 2
425 1545 555 1588 Dem.
590 1544 659 1589 Ol.
691 1545 755 1588 III
785 1560 829 1602 p.
858 1549 1002 1600 30,18
1140 1549 1164 1589 9
1209 1545 1352 1589 Thuc.
1386 1545 1407 1588 I
1439 1549 1517 1600 953
1551 1549 1628 1599 963
1664 1549 1806 1600 130,2

210 1584 291 1647 ⁰12
324 1604 454 1648 Dem.
488 1604 619 1661 Lept.
651 1620 696 1661 p.
722 1609 822 1659 474,
842 1609 897 1648 29
916 1619 982 1659 sq.
1017 1607 1063 1648 et
1095 1609 1269 1659 477,12
1290 1619 1355 1661 sq.

234 1782 300 1833 εἰς
331 1782 440 1826 libri
471 1783 573 1827 Mor
604 1782 686 1841 qui
719 1783 980 1827 adnotavit:
1015 1784 1265 1837 „Lacunae
1295 1784 1347 1826 in
1373 1783 1530 1827 Graec.
1563 1784 1615 1825 in
1639 1784 1803 1838 quibus
1832 1797 1926 1827 ‘non

233 1844 419 1898 liquet,“
449 1842 517 1886 Re
580 1842 798 1887 ἐνέπεσον
830 1842 896 1895 εἰς
927 1844 1116 1887 auctore
1149 1841 1322 1886 Cobebo
1353 1842 1523 1886 Mnem.
1549 1841 1613 1884 III
1647 1847 1729 1886 155
1762 1843 1866 1899 Rog

357 1908 377 1944 1
413 1900 608 1959 νόσημα,
632 1902 682 1945 τὸ
709 1902 874 1958 scripsi
900 1902 1167 1946 auctoribus
1191 1901 1403 1946 Iaoobsio
1429 1901 1542 1944 Lech
1565 1905 1650 1945 203
1676 1902 1772 1946 Nob
1796 1907 1850 1946 47
1878 1905 1925 1946 eb

233 1959 408 2006 Cobeto
453 1975 556 2004 cum
595 1962 699 2018 Rog
775 1960 1033 2017 νοσήματος
1070 1961 1181 2005 libri
1213 1961 1314 2005 Mor
1331 1961 1397 2004 Re
1441 1962 1446 2017 Ι
1490 1960 1681 2006 ἀκούειν
1722 1962 1791 2006 Va

234 2025 259 2062 2
294 2020 503 2077 ἐφορμὴν
534 2021 637 2064 Mor
668 2021 749 2064 sed
789 2038 843 2078 γρ
878 2018 956 2076 ἐφ’
986 2020 1131 2077 ὁρμὴν
1170 2021 1219 2063 in
1250 2034 1384 2077 marg
1460 2020 1671 2076 ἐφορμᾶν
1701 2020 1805 2078 Rog
1843 2022 1925 2079 qui

234 2080 458 2136 ἐφορμεῖν
490 2079 589 2123 sine
622 2093 759 2123 sensu
783 2094 882 2123 esso
911 2080 1027 2124 dicit
1050 2079 1223 2123 iniuria
1248 2079 1297 2123 cf
1322 2081 1356 2123 t.
1381 2079 1402 2122 Ι
1425 2083 1527 2135 507,
1547 2084 1600 2123 16
1626 2082 1674 2124 eh
1696 2080 1826 2124 Dem.
1843 2081 1873 2124 l.
1892 2081 1921 2125 l.

354 2145 381 2183 4
414 2137 628 2195 ἐποίησεν
653 2141 698 2183 Α
822 2145 847 2183 5
880 2138 1025 2184 ταῦτά
1057 2155 1107 2197 γε
1130 2139 1317 2195 reposui·
1343 2152 1367 2183 e
1392 2138 1525 2182 libris
1588 2155 1638 2195 γε
1662 2147 1808 2184 ταῦτα
1832 2140 1925 2184 edd

236 2200 242 2254 1
279 2198 473 2242 ἀνιῶσιν
512 2199 773 2243 MaUVaB
911 2204 935 2242 6
973 2198 1083 2243 οὐδὲ
1114 2198 1216 2242 Mor
1233 2198 1301 2243 Re
1351 2200 1356 2254 Ι
1407 2199 1650 2254 ἀγαπῶσιν
1683 2198 1724 2242 εἰ
1757 2199 1922 2256 scripsi

234 2256 325 2300 coll
356 2259 388 2301 t.
415 2257 479 2300 III
512 2262 685 2313 393,12
724 2273 728 2281 ·
764 2258 998 2314 ἀγαπῶσι,
1038 2255 1082 2301 τί
1122 2257 1232 2301 libri
1271 2258 1363 2301 edd
1402 2258 1483 2301 sed
1530 2259 1765 2314 ἀγαπῶσι,
1800 2258 1923 2311 τίνες

233 2316 301 2361 ἔτι
332 2324 635 2373 μαρτυροῦσις
669 2317 774 2361 coni
805 2318 871 2361 Re
934 2318 1161 2373 ἀγαπῶσι,
1191 2315 1314 2368 τίνες
1341 2316 1584 2375 <μᾶλλον>
1610 2324 1922 2374 μαρτυροῦσιν

234 2373 336 2434 <ἢ>
369 2374 736 2432 Λακεδαιμόνιοι
774 2377 878 2420 coni
909 2376 1071 2420 Iacobs
1103 2377 1217 2420 Lect
1248 2381 1356 2432 203,
1389 2378 1622 2432 ἀγαπῶσι,
1661 2384 1776 2420 πᾶσι
1807 2395 1922 2434 μαρ-

232 2442 423 2490 τυροῦσι
452 2435 548 2479 Not
579 2439 635 2479 48
757 2440 782 2478 8
815 2434 1148 2493 μεταβαλόντες
1179 2435 1268 2479 Μα
1328 2434 1686 2493 μεταβάλλοντες
1716 2435 1818 2479 Mor

235 2498 286 2537 11
321 2494 437 2550 μηδὲ
467 2495 652 2538 πώποτε
688 2495 724 2539 Ο
789 2494 848 2551 μὴ
883 2496 933 2539 δὲ
966 2496 1152 2539 πώποτε
1185 2496 1278 2539 AB
1305 2496 1311 2550 Ι
1340 2494 1536 2539 lacunae
1569 2495 1754 2552 signum
1784 2496 1920 2552 posui

231 2555 423 2597 auctore
470 2553 537 2597 Re
577 2568 682 2597 cum
721 2554 824 2611 Rog
863 2554 944 2610 qui
983 2567 1228 2610 perperam
1269 2554 1422 2597 addit:
1466 2554 1590 2607 „nisi
1633 2555 1768 2598 verba
1813 2556 1919 2599 inde

231 2613 289 2656 ab
329 2611 410 2663 οὓς
451 2627 590 2668 usque
629 2614 691 2656 ad
733 2614 1062 2671 Θρασύβουλος
1103 2612 1187 2668 μὲν
1229 2613 1308 2656 καὶ
1351 2611 1518 2657 Κόνων
1558 2626 1579 2656 e
1622 2614 1826 2670 maryine
1868 2616 1919 2658 in

230 2675 402 2715 textum
444 2672 752 2728 irrepserunt“
801 2675 806 2727 Ι
856 2672 938 2722 οὓς
975 2671 1054 2730 δὴ]
1092 2668 1198 2715 ὥστ’
1242 2670 1330 2727 ἤδη
1375 2672 1478 2715 coni
1518 2670 1743 2728 Gomperz
1774 2672 1915 2717 Beissr.

231 2729 316 2772 VH
347 2729 462 2786 (Rel.
497 2731 628 2774 acad.
661 2731 799 2775 Vind.
827 2730 1020 2787 CXLIII)
1055 2735 1110 2774 14
1233 2736 1287 2774 12
1323 2728 1517 2786 Κριτίου
1547 2747 1595 2775 τε
1627 2731 1706 2774 καὶ
1737 2729 1918 2789 Ἁλκιβι-

230 2788 351 2833 άδου
382 2789 590 2846 τολμώην
623 2787 681 2833 ἂν
714 2790 861 2833 εἰπεῖν
885 2791 965 2833 καὶ
988 2790 1095 2844 περὶ
1119 2789 1241 2832 inter
1272 2791 1378 2844 περὶ
1410 2792 1456 2833 et
1485 2790 1815 2847 Θρασυβούλου
1847 2791 1915 2833 in·

231 2861 305 2890 ser
337 2848 440 2891 coni
474 2835 700 2905 Gomperz
731 2862 896 2905 parum
926 2851 1053 2893 recte
1176 2853 1230 2892 13
1263 2847 1415 2892 κόνων
1449 2849 1486 2893 0
1514 2849 1595 2893 sed
1627 2866 1651 2893 ο
1676 2850 1725 2892 in
1748 2864 1824 2893 ras
1848 2849 1917 2892 m2

233 2909 239 2962 Ι
277 2905 417 2963 ἤστην
450 2905 528 2965 ἂν]
564 2906 676 2964 ἤτην
709 2906 768 2951 ἂν
811 2909 973 2953 UVaB
1005 2908 1108 2965 Rog
1169 2905 1196 2963 ἢ
1228 2907 1312 2963 τὴν
1345 2905 1404 2951 ἂν
1436 2909 1529 2952 Ath
1588 2907 1796 2963 κατήνυεν
1829 2909 1916 2953 Μα

291 2980 366 3009 om
390 2966 492 3011 Mor
517 2966 564 3010 ef
584 2966 867 3022 t.1162,18;
900 2967 941 3010 Π
965 2971 1065 3021 484,
1088 2972 1162 3021 16;
1196 2966 1375 3022 111320‚
1395 2972 1471 3020 223
1503 2966 1566 3010 IV
1585 2972 1683 3023 146,
1702 2972 1726 3011 5
1755 2970 1760 3023 Ι
1789 2966 1915 3023 ἀμεί-
