2054 3192
235 103 305 156 26
735 103 965 147 LIBANII
994 102 1385 148 DECLAMATIO
1418 104 1439 146 I

233 240 322 292 καὶ
348 239 531 292 αὐτῶν
554 237 642 291 καὶ
669 240 901 307 παίδων,
936 236 1065 292 οὐδὲ
1099 232 1176 302 εἷς
1207 241 1383 307 λόγος.
1424 235 1502 292 ὧν
1534 237 1655 292 καθ’
1697 237 1929 308 ἑκάστην

234 326 546 396 λεγομένων
595 325 803 396 ἡμέραν
850 328 940 380 καὶ
986 329 1213 395 ταυτησὶ
1261 337 1355 396 τῆς
1401 329 1652 390 παιδείας
1699 328 1927 396 Σωκρά-

234 437 364 479 τους
403 425 647 484 συνεχῶς
686 417 989 485 προϊούσης
1037 418 1122 469 δεῖ
1168 417 1411 485 νομίζειν
1458 418 1589 478 τοὺς
1638 413 1738 483 μὲν
1785 418 1927 484 ἄγαν

232 514 410 567 κακῶς
458 503 838 573 διακειμένους
886 502 1053 558 οὐδὲν
1101 507 1367 573 ὄνασθαι,
1419 507 1550 567 τοὺς
1597 502 1657 557 δὲ
1713 506 1926 568 εἰδότας

188 614 208 647 5
235 593 508 663 ἐρυθριᾶν
531 593 623 647 καὶ
655 599 957 662 πεισθῆναι
989 592 1080 646 καὶ
1113 593 1376 662 γενέσθαι
1408 596 1675 662 βελτίους.
1717 595 1803 646 22.
1835 594 1927 646 καὶ

233 684 342 751 μὴν
396 681 457 735 ἐν
512 676 595 744 οἷς
657 692 773 745 τοῖς
844 684 1086 744 ἅπαντας
1147 682 1511 750 γοητεύουσιν
1576 681 1929 751 ἐντυγχάνων

235 781 547 840 σοφισταῖς,
594 778 669 843 τῷ
721 774 1091 841 Πρωταγόρᾳ,
1132 776 1206 842 τῷ
1249 773 1301 822 Γ
1296 772 1484 842 οργία,
1531 777 1605 842 τῷ
1648 772 1928 842 Προδίκῳ,

232 866 308 932 τῷ
367 861 737 931 Θρασυμάχῳ,
799 869 915 922 τοῖς
970 862 1156 922 ἄλλοις
1211 859 1309 922 οὓς
1349 859 1376 911 ὁ
1418 860 1620 928 μισθὸς
1676 857 1763 911 ἐπὶ
1817 867 1929 912 πᾶν

234 951 438 1018 χωρίον
470 942 665 1018 εἷλκεν,
699 950 880 1019 ὥσπερ
915 949 943 1002 ὁ
977 950 1186 1011 θαλλὸς
1218 949 1284 1001 τὰ
1315 957 1590 1001 πεινῶντα
1621 948 1927 1018 θρέμματα,
1988 964 1993 968 ”

168 1058 210 1091 1ο
237 1037 325 1090 ὅτε
380 1038 612 1100 τούτους
669 1037 729 1090 ἐν
783 1047 899 1100 τοῖς
955 1036 1298 1107 ἐρωτήμασιν
1355 1037 1573 1090 ἐδείκνυ
1637 1039 1779 1090 πολὺ
1834 1045 1928 1105 τῆς

235 1126 397 1195 δόξης
421 1127 491 1195 ἣν
516 1123 666 1196 εἶχον
693 1125 949 1189 ἐλάττους
980 1125 1071 1179 καὶ
1105 1134 1457 1195 φρονοῦντας
1490 1125 1562 1188 ὡς
1594 1127 1768 1179 εἰπεῖν
1802 1123 1920 1178 οὐδ’

235 1215 427 1268 ὁτιοῦν
474 1214 598 1286 περὶ
647 1211 726 1268 ὧν
765 1219 978 1285 ε”φασαν
1020 1214 1241 1285 ἑτέρους
1281 1215 1566 1268 διδάσκειν
1603 1217 1766 1283 ἔχειν,
1805 1216 1927 1267 τότε

236 1303 374 1373 ὁμοῦ
414 1302 515 1371 μὲν
561 1306 663 1373 τὴν
709 1308 938 1373 νεότητα
984 1312 1080 1372 τῆς
1125 1306 1335 1366 πόλεως
1383 1302 1622 1373 ε’ξηρεῖτο
1670 1311 1764 1372 τῆς
1811 1303 1927 1370 ἠλι-

143 1396 307 1441 R1119
363 1397 498 1447 θιόυ
525 1397 844 1462 συνηθειάς,
870 1393 1009 1462 ὁμοῦ
1035 1390 1095 1445 δὲ
1131 1391 1136 1464 Ι
1173 1395 1373 1461 σοφίας
1397 1392 1554 1459 ὑμῶν
1579 1393 1657 1454 εἰς
1682 1393 1926 1454 ἅπαντας

167 1502 208 1535 15
235 1481 569 1549 ἀνθρώπους
601 1481 929 1535 ἀπέστελλεν
970 1485 1162 1551 ὄνομα,
1204 1483 1250 1534 εἰ
1282 1483 1413 1543 τοὺς
1446 1482 1626 1550 ὥσπερ
1661 1481 1927 1550 δαίμονας

233 1578 516 1639 πανταχοῦ
563 1570 1019 1639 θαυμαζομένους
1065 1570 1153 1624 ἐπὶ
1200 1579 1315 1632 τοῖς
1363 1571 1547 1638 λόγοις
1595 1569 1692 1632 οὓς
1747 1569 1928 1637 ἀνεγί-

234 1675 451 1712 νωσκον
514 1658 601 1712 ἐπὶ
656 1667 729 1732 τῷ
789 1663 1005 1728 λαβεῖν,
1067 1661 1300 1722 τούτους
1361 1658 1608 1729 ἀπέφηνε
1671 1659 1928 1727 ῥημάτων

235 1750 514 1816 συλλογὴν
559 1748 969 1817 παρεχομένους
1014 1733 1204 1817 κενήν,
1259 1756 1363 1801 νοῦ
1419 1744 1480 1800 δὲ
1535 1748 1619 1800 ὅτι
1668 1750 1928 1799 πλεῖστον

235 1837 536 1906 ἀπέχοντας
574 1835 665 1889 καὶ
705 1845 805 1890 τοῦ
844 1837 946 1905 τὴν
986 1838 1159 1907 φύσιν
1199 1835 1405 1890 εἰδέναι
1443 1834 1569 1906 περὶ
1610 1831 1688 1888 ὧν
1728 1835 1928 1903 ἐπεχεί-

167 1948 210 1979 20
235 1946 374 1995 ρουν
414 1925 598 1994 λέγειν
636 1923 724 1978 καὶ
776 1927 1122 1996 δικαιότερον
1168 1925 1238 1978 ἂν
1284 1923 1608 1987 τελέσαντας
1659 1923 1927 1994 ἀργύριον

354 2076 378 2114 6
410 2071 531 2115 Plat.
564 2072 687 2116 Prot.
719 2087 764 2128 p.
800 2077 884 2115 315
902 2071 963 2125 Α;
1009 2071 1137 2127 soph.
1172 2086 1218 2127 p.
1252 2075 1336 2114 235
1355 2070 1415 2124 A3
1448 2070 1651 2126 Eubhyd.
1684 2085 1729 2126 p.
1764 2069 1925 2122 288133

235 2129 355 2173 Crat.
380 2146 425 2186 p.
454 2135 538 2174 384
557 2131 593 2173 B
717 2137 739 2174 7
768 2131 823 2174 ef.
849 2146 893 2187 p.
923 2136 1021 2185 114,
1043 2136 1095 2173 15
1115 2145 1180 2186 sq.
1304 2134 1329 2173 8
1355 2129 1472 2173 Plat.
1499 2129 1620 2184 apol.
1645 2144 1688 2184 p.
1717 2133 1772 2171 20
1790 2129 1831 2171 A

236 2194 260 2232 9
285 2190 407 2292 Plzail}3
433 2190 801 2293 ljrllilallfgirvpigssg
818 2190 873 2234 D.
907 2190 1021 2234 Aen.
1049 2189 1156 2234 Gaz.
1183 2189 1413 2245 Theophr.
1439 2204 1483 2244 p.
1513 2193 1582 2243 72,
1602 2193 1655 2231 16
1682 2188 1751 2232 ed.
1778 2187 1924 2230 Boiss.

355 2388 376 2425 1
412 2382 491 2425 καὶ
510 2384 569 2438 (2)
603 2396 677 2426 om
702 2383 795 2426 Ath
807 2383 923 2426 VaB
1046 2387 1070 2425 2
1103 2380 1322 2433 παιδείας
1354 2380 1518 2438 scripsi
1546 2383 1734 2423 auctore
1769 2378 1924 2422 Gasda

235 2455 341 2484 eum
379 2441 483 2497 Rog
542 2439 777 2492 πολιτείας
815 2440 925 2485 libri
957 2441 1059 2485 Mor
1073 2441 1142 2484 Re
1177 2444 1229 2497 Ι,
1235 2442 1405 2495 ‚malim
1436 2438 1704 2493 Σωκράτει“
1738 2438 1806 2481 Re

236 2504 261 2542 3
294 2499 436 2557 ἄγαν]
477 2500 682 2550 ἀναιδῶς
722 2499 866 2544 Cobeb
1010 2506 1036 2543 4
1077 2508 1234 2550 κακῶς
1272 2499 1447 2543 inserui
1481 2512 1505 2542 e
1539 2499 1771 2543 MaAtlzB
1819 2510 1923 2540 eum

235 2559 354 2615 Rog
399 2573 474 2602 om
498 2559 668 2614 reliqui
692 2558 801 2602 libri
826 2560 927 2603 Mor
942 2559 1010 2602 Re
1036 2559 1116 2614 qui
1148 2558 1350 2608 ἀνιάτως
1379 2558 1676 2601 inserendum
1701 2555 1806 2599 coni

237 2623 262 2660 6
301 2625 398 2668 τοῖς
428 2618 614 2673 reposui
647 2632 671 2661 e
703 2618 834 2661 libris
869 2619 1057 2662 auctore
1089 2618 1157 2661 Re
1190 2631 1294 2661 cum
1318 2618 1422 2672 Rog
1482 2616 1588 2665 τοὺς
1618 2616 1720 2659 Mor
1735 2614 1803 2657 Re

236 2681 261 2719 9
279 2675 526 2733 θρέμματα
546 2677 732 2732 reposui
750 2690 774 2720 e
791 2677 923 2720 libris
942 2691 1046 2719 eum
1062 2677 1166 2733 Rog
1226 2674 1436 2734 πρόβατα
1454 2675 1555 2719 Mor
1564 2675 1631 2718 Re
1726 2677 1777 2716 11
1798 2673 1923 2716 ὡσει-

235 2742 340 2779 πεῖν
373 2737 419 2779 Β
497 2736 557 2785 ὡς
597 2750 670 2778 om
703 2737 797 2779 Ath
920 2739 975 2778 14
1016 2733 1271 2791 συνηθείας
1303 2737 1391 2779 Μα
1430 2735 1510 2777 sed
1541 2750 1629 2789 υνη
1669 2732 1719 2774 in
1758 2746 1830 2774 ras
1854 2730 1925 2774 m²

357 2799 408 2838 17
444 2793 668 2851 ἀργύριον
701 2796 810 2837 ante
841 2796 1000 2852 λαβεῖν
1031 2795 1155 2837 inser
1183 2796 1372 2837 auctore
1397 2792 1582 2836 Nabero
1607 2792 1711 2847 Rog
1773 2789 1923 2833 delevi

357 2857 411 2896 18
443 2861 528 2897 νοῦ
562 2853 611 2896 δὲ
644 2853 830 2909 reposui
863 2868 886 2896 e
914 2855 1002 2897 Ma
1015 2854 1178 2898 UVaB
1203 2854 1390 2896 auctore
1421 2852 1489 2894 Re
1514 2865 1620 2894 eum
1650 2850 1753 2904 Rog
1813 2846 1925 2892 οὐδέ

235 2913 330 2955 Ath
389 2919 504 2956 νοῦν
537 2911 588 2956 δὲ
620 2912 722 2955 Mor
737 2912 804 2955 Re
926 2916 981 2955 20
1013 2911 1278 2961 τελέσοντας
1312 2911 1622 2955 MaAthUVa
