2026 3192
234 121 336 174 162
694 121 924 165 LIBANII
952 121 1342 167 DEGLAMATIO
1375 123 1439 166 III

343 263 423 308 22.
456 261 797 309 Marcianus
831 276 902 323 gr.
935 264 1043 310 440
1076 278 1205 311 anno
1243 265 1381 311 1423
1425 265 1655 312 exaratus
1686 265 1770 313 fol.
1806 270 1822 312 1
1866 268 1916 315 et

228 337 337 382 49³⁷.
370 334 497 383 Vide
528 338 563 384 t.
588 335 640 383 Π
670 353 716 397 p.
744 338 847 383 229
869 351 940 397 sq.

340 410 423 456 23.
457 409 781 458 Vaticanus
807 427 877 473 gr.
905 411 1008 457 481
1038 425 1164 458 saec.
1189 410 1280 458 XV
1305 411 1389 459 fol.
1413 413 1504 459 72ν
1522 414 1571 459 et
1590 413 1671 461 76.
1697 413 1824 460 Vide
1840 414 1915 462 t.1

225 499 270 544 p.
298 484 401 530 369
423 499 491 545 sq.

139 557 223 596 176
333 558 416 604 24.
449 557 823 606 Monacensis
863 575 941 622 gr.
975 560 1096 607 490
1138 559 1259 606 olim
1297 555 1739 627 Augustanusl)
1777 561 1914 609 char-

225 633 395 679 taceus
424 632 613 679 formae
645 634 851 694 quartae
883 633 1068 681 saeculi
1091 632 1183 679 XV
1215 633 1433 681 continet

335 706 419 754 fol.
433 706 497 754 51
518 704 764 769 Λιβάνιος
779 703 1038 775 ἀνατολίῳ·
1057 705 1423 771 παρεκαθήμην
1445 711 1511 774 τῷ
1535 708 1656 776 θείῳ
1674 702 1805 775 (423
1824 703 1912 776 W)

340 780 435 827 52ν
703 780 913 843 βηλαίω
944 777 1164 846 Εγένετό
1196 798 1279 844 μοι
1311 780 1455 844 φίλος
1480 758 1644 850 (730)

335 853 406 900 fol
443 856 542 901 121
575 848 840 912 Ἰουλιανὸς
872 855 1097 923 λιβανίῳ·
1130 853 1298 919 ἐπειδὴ
1331 861 1418 918 τῆς
1457 854 1761 921 ὑποσχέσεως
1793 851 1910 924 (Iul.

225 942 299 988 ep.
334 928 364 974 3
400 929 470 976 ed
504 923 687 995 Hertl.)

338 1004 439 1050 122
474 1001 718 1063 Λιβάνιος
749 1001 1005 1051 ἰουλιανῶ·
1042 1002 1110 1051 Εἰ
1138 1008 1289 1051 ταῦτα
1318 1002 1531 1068 γλώττης
1562 997 1756 1072 (1588)
1770 998 1812 1072 ²)

332 1076 404 1124 fol
440 1077 571 1125 155V
601 1076 851 1140 Λιβανίου
883 1075 1129 1126 ἐπιστολαὶ

331 1144 379 1196 δι’
407 1143 595 1199 ’Λκούω
626 1151 780 1199 παῖδα
808 1150 1024 1217 γεωργὸν
1055 1145 1135 1218 (=
1162 1167 1235 1213 ep.
1271 1152 1370 1200 961
1392 1147 1479 1218 W)

330 1234 378 1302 β’
401 1235 651 1304 ὄνωράτω·
685 1241 802 1287 Νῦν
827 1258 910 1304 μοι
933 1238 1049 1298 τοὺς
1077 1239 1315 1306 μεγάλους
1338 1234 1436 1307 (ep.
1464 1234 1594 1308 303)
1621 1241 1703 1289 sed
1729 1242 1910 1291 desinilz

174 1314 179 1315 ⁷
220 1312 383 1360 verbis
414 1309 678 1377 ἀπέφηνας
708 1313 799 1378 τὴν
830 1320 929 1362 τῶν
960 1315 1123 1363 καλῶν
1154 1314 1239 1362 lin.
1266 1309 1322 1378 5)

328 1384 359 1452 γ
390 1387 642 1451 Νοταρίωε
694 1388 761 1436 Οἵ
798 1387 934 1454 λόγοι
964 1387 1055 1453 τὴν
1095 1387 1249 1451 φύσιν
1282 1382 1335 1454 (i.
1363 1405 1401 1436 e.
1434 1389 1610 1437 Basilii
1644 1405 1717 1451 ep.
1754 1383 1907 1457 333³)

219 1459 291 1509 ed.
324 1454 505 1527 Maur.)

333 1532 486 1584 Οὔπω
519 1554 602 1599 μοι
632 1542 719 1599 τῆς
750 1535 909 1600 λύπης
941 1530 1108 1593 (1586
1136 1530 1222 1603 W)

330 1618 374 1672 δ’
405 1623 648 1688 βασίλειος
679 1624 904 1689 λιβανίω·
944 1624 1008 1675 Τὸ
1042 1624 1108 1689 μὴ
1142 1631 1355 1690 συνεχῶς
1386 1621 1475 1690 μὲν
1509 1619 1675 1692 (1589
1702 1619 1791 1692 W)

332 1699 433 1746 156
461 1694 717 1748 Βασιλείω·
741 1696 938 1748 Κᾶλλον
963 1693 1033 1766 (Κ
1053 1693 1254 1766 rubr.)
1237 1699 1309 1748 ότι
1333 1713 1412 1748 σοι
1436 1698 1501 1764 μὴ
1535 1699 1685 1748 πάλαι
1709 1694 1903 1767 (1590)

453 1773 702 1837 Λιβανίω·
743 1771 1037 1838 Δεχομένοις
1069 1771 1158 1837 μὲν
1189 1768 1383 1840 (1601)

452 1846 704 1905 Βασίλειος
747 1846 813 1896 Οἱ
838 1854 990 1895 ταῦτα
1019 1847 1232 1913 γλώττης
1263 1840 1459 1914 (1588)

452 1919 697 1985 Λιβάνιος
742 1919 961 1970 Λέλυταί
989 1935 1067 1970 σοι
1102 1923 1206 1970 160
1241 1914 1434 1988 (1595)

450 1995 702 2055 Βασίλειος
741 1997 853 2054 Πᾶς
884 1992 973 2058 μὲν
1004 1994 1267 2054 ἐπίσκοπος
1300 1989 1494 2062 (1592)

451 2068 696 2132 Λιβάνιος
743 2068 813 2117 Εἰ
842 2067 894 2117 τὸ
927 2069 1200 2136 κερδαίνειν
1233 2063 1426 2136 (1593)

451 2142 703 2202 Βασίλειος
741 2141 839 2191 Διὰ
870 2141 1049 2209 χρόνου
1081 2138 1277 2210 (1591)

324 2216 395 2263 fol
429 2218 532 2264 235
567 2217 819 2281 Λιβανίου

288 2284 601 2354 [Πατρόκλου
633 2290 754 2355 πρὸς
786 2286 1000 2356 ἀχιλλέα]
1033 2290 1173 2355 ὥμην
1206 2285 1243 2340 ὦ
1276 2289 1466 2356 ἀχιλλεῦ
1498 2286 1570 2357 (p.
1596 2288 1664 2339 83
1682 2284 1750 2357 R)

326 2365 457 2411 249V
489 2359 862 2429 [Μενέλαος]
895 2365 941 2414 εἰ
969 2362 1057 2429 μὲν
1090 2364 1312 2429 ἐβούλετο

326 2438 429 2484 255
466 2432 833 2504 [Ὀδυσσεύς]
855 2434 1025 2503 ’Ὠμην
1057 2433 1094 2488 ὦ
1126 2446 1271 2504 τρῶες

333 2639 374 2693 1)
405 2637 458 2679 In
491 2638 705 2695 catalogo
738 2638 1053 2682 bibliothecae
1077 2638 1382 2695 Reipublicae
1406 2638 1709 2695 Augustanae
1740 2638 1895 2682 studio

210 2695 434 2752 Ehingeri
464 2697 705 2753 Augustae
738 2698 1088 2742 Vindelicorum
1120 2711 1241 2741 anno
1276 2702 1389 2741 1633
1422 2697 1549 2741 edito
1578 2697 1648 2740 ita
1672 2696 1895 2741 describi-

209 2756 287 2798 tur
316 2770 359 2811 p.
388 2759 494 2799 865:
527 2771 602 2810 „w
630 2758 757 2801 LVI
780 2772 824 2801 κ.
852 2761 880 2801 7
911 2757 1106 2801 Libanii
1136 2758 1348 2813 epistolae
1379 2757 1498 2801 duae
1528 2762 1570 2800 et
1591 2770 1635 2799 κ.
1662 2759 1722 2800 39
1752 2755 1894 2800 Liba-

209 2813 283 2857 nii
311 2815 374 2858 ad
405 2815 638 2859 Basiliam
671 2822 712 2860 et
742 2817 919 2860 Basilii
948 2817 1010 2860 ad
1041 2816 1338 2860 Libanium“.

329 2875 373 2929 2)
405 2872 471 2917 cf.
505 2887 625 2929 quae
655 2874 703 2917 in
730 2874 977 2918 annalibus
1006 2874 1399 2918 Fleckeisenianis
1425 2878 1554 2930 1876,
1577 2877 1662 2917 497
1682 2886 1748 2929 sq.
1782 2872 1891 2917 dixi.

330 2934 372 2987 3)
407 2931 472 2976 Cf.
506 2946 625 2987 quae
658 2933 706 2975 in
740 2933 987 2977 annalibus
1019 2933 1413 2978 Fleckeisenianis
1447 2936 1560 2976 1876
1592 2947 1637 2989 p.
1662 2936 1749 2975 495
1781 2931 1890 2975 dixi.
