<?xml version="1.0" encoding="UTF-8"?>
<!DOCTYPE html PUBLIC "-//W3C//DTD XHTML 1.0 Transitional//EN"
    "http://www.w3.org/TR/xhtml1/DTD/xhtml1-transitional.dtd">
<html xmlns="http://www.w3.org/1999/xhtml" xml:lang="en" lang="en">
 <head>
  <title>
</title>
<meta http-equiv="Content-Type" content="text/html;charset=utf-8" />
  <meta name='ocr-system' content='tesseract 3.04.00' />
  <meta name='ocr-capabilities' content='ocr_page ocr_carea ocr_par ocr_line ocrx_word'/>
</head>
<body>
  <div class='ocr_page' id='page_1' title='image "./operarecensuitri05libauoft/operarecensuitri05libauoft_0526.png"; bbox 0 0 2026 3192; ppageno 0'>
   <div class='ocr_carea' id='block_1_1' title="bbox 212 141 1444 196">
    <p class='ocr_par' dir='ltr' id='par_1_1' title="bbox 212 141 1444 196">
     <span class='ocr_line' id='line_1_1' title="bbox 212 141 1444 196; baseline -0.01 0"><span class='ocrx_word' id='word_1_1' title='bbox 212 144 320 196; x_wconf 78' lang='lat'><em>516</em></span> <span class='ocrx_word' id='word_1_2' title='bbox 700 142 928 186; x_wconf 82' lang='lat' dir='ltr'><strong>LIBANH</strong></span> <span class='ocrx_word' id='word_1_3' title='bbox 958 141 1349 186; x_wconf 87' lang='lat' dir='ltr'>DECLAMATIO</span> <span class='ocrx_word' id='word_1_4' title='bbox 1381 142 1444 185; x_wconf 89' lang='lat' dir='ltr'><em>XI</em></span> 
     </span>
    </p>
   </div>
   <div class='ocr_carea' id='block_1_2' title="bbox 127 273 1925 2032">
    <p class='ocr_par' dir='ltr' id='par_1_2' title="bbox 127 273 1925 2032">
     <span class='ocr_line' id='line_1_2' title="bbox 215 273 1904 349; baseline -0.002 -16"><span class='ocrx_word' id='word_1_5' title='bbox 215 278 275 333; x_wconf 81' lang='grc' dir='ltr'><em>ἐν</em></span> <span class='ocrx_word' id='word_1_6' title='bbox 321 288 385 349; x_wconf 78' lang='grc' dir='ltr'><em>τῇ</em></span> <span class='ocrx_word' id='word_1_7' title='bbox 434 287 584 349; x_wconf 71' lang='grc' dir='ltr'><em>φυγῇ</em></span> <span class='ocrx_word' id='word_1_8' title='bbox 633 288 811 332; x_wconf 86' lang='grc' dir='ltr'><em>ποιῶν</em></span> <span class='ocrx_word' id='word_1_9' title='bbox 857 279 957 347; x_wconf 88' lang='grc' dir='ltr'><em>τὴν</em></span> <span class='ocrx_word' id='word_1_10' title='bbox 1005 279 1281 347; x_wconf 80' lang='grc' dir='ltr'><em>σωτηρίαν</em></span> <span class='ocrx_word' id='word_1_11' title='bbox 1336 273 1501 347; x_wconf 80' lang='grc' dir='ltr'><em>εἷναι;</em></span> <span class='ocrx_word' id='word_1_12' title='bbox 1554 276 1837 330; x_wconf 80' lang='grc' dir='ltr'><strong><em>πέπτωκεν</em></strong></span> <span class='ocrx_word' id='word_1_13' title='bbox 1876 276 1904 330; x_wconf 86' lang='grc' dir='ltr'>ὁ</span> 
     </span>
     <span class='ocr_line' id='line_1_3' title="bbox 213 366 1908 436; baseline -0.002 -15"><span class='ocrx_word' id='word_1_14' title='bbox 213 367 381 436; x_wconf 76' lang='grc' dir='ltr'><em>μέγας</em></span> <span class='ocrx_word' id='word_1_15' title='bbox 421 367 644 435; x_wconf 77' lang='grc' dir='ltr'><em>ἐκεῖνος,</em></span> <span class='ocrx_word' id='word_1_16' title='bbox 686 372 890 435; x_wconf 75' lang='grc' dir='ltr'><em>οἴχεται</em></span> <span class='ocrx_word' id='word_1_17' title='bbox 931 367 993 419; x_wconf 80' lang='grc' dir='ltr'><em>τὰ</em></span> <span class='ocrx_word' id='word_1_18' title='bbox 1036 366 1221 435; x_wconf 80' lang='grc' dir='ltr'><em>σεμνά.</em></span> <span class='ocrx_word' id='word_1_19' title='bbox 1262 366 1395 435; x_wconf 77' lang='grc' dir='ltr'><em>μετὰ</em></span> <span class='ocrx_word' id='word_1_20' title='bbox 1434 375 1546 419; x_wconf 83' lang='grc' dir='ltr'><em>τῶν</em></span> <span class='ocrx_word' id='word_1_21' title='bbox 1583 367 1908 435; x_wconf 78' lang='grc' dir='ltr'><em>κακούργων</em></span> 
     </span>
     <span class='ocr_line' id='line_1_4' title="bbox 218 453 1908 526; baseline -0.001 -17"><span class='ocrx_word' id='word_1_22' title='bbox 218 456 446 509; x_wconf 81' lang='grc' dir='ltr'><em>δέδεται.</em></span> <span class='ocrx_word' id='word_1_23' title='bbox 501 459 583 518; x_wconf 82' lang='grc' dir='ltr'><em>τίς</em></span> <span class='ocrx_word' id='word_1_24' title='bbox 633 453 706 508; x_wconf 80' lang='grc' dir='ltr'><em>ἔτ’</em></span> <span class='ocrx_word' id='word_1_25' title='bbox 768 454 837 508; x_wconf 75' lang='grc' dir='ltr'><em>ἂν</em></span> <span class='ocrx_word' id='word_1_26' title='bbox 892 453 1137 518; x_wconf 76' lang='grc' dir='ltr'><em>ἀξιώσειε</em></span> <span class='ocrx_word' id='word_1_27' title='bbox 1191 456 1263 523; x_wconf 87' lang='grc' dir='ltr'><em>μὴ</em></span> <span class='ocrx_word' id='word_1_28' title='bbox 1319 458 1444 508; x_wconf 85' lang='grc' dir='ltr'><strong><em>λίαν</em></strong></span> <span class='ocrx_word' id='word_1_29' title='bbox 1498 454 1644 521; x_wconf 85' lang='grc' dir='ltr'><em>ὠμὸς</em></span> <span class='ocrx_word' id='word_1_30' title='bbox 1702 455 1780 507; x_wconf 79' lang='grc' dir='ltr'><em>ὢν</em></span> <span class='ocrx_word' id='word_1_31' title='bbox 1833 461 1908 526; x_wconf 77' lang='grc' dir='ltr'><em>τῷ</em></span> 
     </span>
     <span class='ocr_line' id='line_1_5' title="bbox 127 543 1910 615; baseline 0.003 -24"><span class='ocrx_word' id='word_1_32' title='bbox 127 550 350 593; x_wconf 81' lang='lat' dir='ltr'><strong>RIV339</strong></span> <span class='ocrx_word' id='word_1_33' title='bbox 398 545 630 615; x_wconf 76' lang='grc' dir='ltr'><em>τοιούτῳ</em></span> <span class='ocrx_word' id='word_1_34' title='bbox 678 548 958 613; x_wconf 79' lang='grc' dir='ltr'><em>πολεμεῖν;</em></span> <span class='ocrx_word' id='word_1_35' title='bbox 1017 543 1099 596; x_wconf 90' lang='grc'><em>10.</em></span> <span class='ocrx_word' id='word_1_36' title='bbox 1140 543 1168 596; x_wconf 86' lang='grc' dir='ltr'>ὁ</span> <span class='ocrx_word' id='word_1_37' title='bbox 1209 545 1328 612; x_wconf 81' lang='grc' dir='ltr'><em>γὰρ</em></span> <span class='ocrx_word' id='word_1_38' title='bbox 1386 543 1393 612; x_wconf 91' lang='grc' dir='ltr'>Ι</span> <span class='ocrx_word' id='word_1_39' title='bbox 1449 546 1668 612; x_wconf 77' lang='grc' dir='ltr'><em>νόμος,</em></span> <span class='ocrx_word' id='word_1_40' title='bbox 1720 547 1910 612; x_wconf 82' lang='grc' dir='ltr'><em>φησίν,</em></span> 
     </span>
     <span class='ocr_line' id='line_1_6' title="bbox 168 631 1912 702; baseline -0.002 -15"><span class='ocrx_word' id='word_1_41' title='bbox 168 655 192 687; x_wconf 82' lang='lat'>5</span> <span class='ocrx_word' id='word_1_42' title='bbox 219 633 694 702; x_wconf 82' lang='grc' dir='ltr'><em>ἀδικηθήσεται</em></span> <span class='ocrx_word' id='word_1_43' title='bbox 744 631 1083 700; x_wconf 81' lang='grc' dir='ltr'><strong><em>λυομένου.</em></strong></span> <span class='ocrx_word' id='word_1_44' title='bbox 1123 642 1304 696; x_wconf 83' lang='grc' dir='ltr'><em>ποῖος;</em></span> <span class='ocrx_word' id='word_1_45' title='bbox 1353 633 1400 684; x_wconf 82' lang='grc' dir='ltr'><em>εἰ</em></span> <span class='ocrx_word' id='word_1_46' title='bbox 1446 632 1547 699; x_wconf 84' lang='grc' dir='ltr'><em>μὲν</em></span> <span class='ocrx_word' id='word_1_47' title='bbox 1586 633 1690 701; x_wconf 82' lang='grc' dir='ltr'><em>γὰρ</em></span> <span class='ocrx_word' id='word_1_48' title='bbox 1731 631 1912 701; x_wconf 81' lang='grc' dir='ltr'><em>ἕτερός</em></span> 
     </span>
     <span class='ocr_line' id='line_1_7' title="bbox 218 718 1911 791; baseline -0.001 -16"><span class='ocrx_word' id='word_1_49' title='bbox 218 742 300 785; x_wconf 90' lang='grc' dir='ltr'><em>τις</em></span> <span class='ocrx_word' id='word_1_50' title='bbox 333 725 558 791; x_wconf 80' lang='grc' dir='ltr'><em>ἔγραφε·</em></span> <span class='ocrx_word' id='word_1_51' title='bbox 600 722 899 775; x_wconf 79' lang='grc' dir='ltr'><em>λελύσθω</em></span> <span class='ocrx_word' id='word_1_52' title='bbox 939 718 1056 790; x_wconf 77' lang='grc' dir='ltr'><em>μὲν</em></span> <span class='ocrx_word' id='word_1_53' title='bbox 1088 721 1481 789; x_wconf 78' lang='grc' dir='ltr'><em>Μιλτιάδης,</em></span> <span class='ocrx_word' id='word_1_54' title='bbox 1516 720 1807 773; x_wconf 78' lang='grc' dir='ltr'><em>δεδέσθω</em></span> <span class='ocrx_word' id='word_1_55' title='bbox 1841 720 1911 773; x_wconf 78' lang='grc' dir='ltr'><em>δὲ</em></span> 
     </span>
     <span class='ocr_line' id='line_1_8' title="bbox 221 809 1913 878; baseline -0.001 -15"><span class='ocrx_word' id='word_1_56' title='bbox 221 814 468 878; x_wconf 72' lang='grc' dir='ltr'><em>Κίμων,</em></span> <span class='ocrx_word' id='word_1_57' title='bbox 522 815 651 863; x_wconf 81' lang='grc' dir='ltr'><em>εἴτε</em></span> <span class='ocrx_word' id='word_1_58' title='bbox 690 811 1001 878; x_wconf 82' lang='grc' dir='ltr'><em>βούλεται</em></span> <span class='ocrx_word' id='word_1_59' title='bbox 1045 815 1174 862; x_wconf 77' lang='grc' dir='ltr'><em>εἴτε</em></span> <span class='ocrx_word' id='word_1_60' title='bbox 1220 812 1324 878; x_wconf 78' lang='grc' dir='ltr'><em>μή,</em></span> <span class='ocrx_word' id='word_1_61' title='bbox 1372 814 1549 871; x_wconf 81' lang='grc' dir='ltr'><em>καλῶς</em></span> <span class='ocrx_word' id='word_1_62' title='bbox 1595 809 1665 862; x_wconf 79' lang='grc' dir='ltr'><em>ἃν</em></span> <span class='ocrx_word' id='word_1_63' title='bbox 1710 809 1913 877; x_wconf 78' lang='grc' dir='ltr'><em>ἠγανά-</em></span> 
     </span>
     <span class='ocr_line' id='line_1_9' title="bbox 219 896 1914 967; baseline -0.001 -15"><span class='ocrx_word' id='word_1_64' title='bbox 219 919 363 961; x_wconf 83' lang='grc' dir='ltr'><em>κτεις</em></span> <span class='ocrx_word' id='word_1_65' title='bbox 403 900 476 960; x_wconf 81' lang='grc' dir='ltr'><em>ὡς</em></span> <span class='ocrx_word' id='word_1_66' title='bbox 508 897 588 951; x_wconf 82' lang='grc' dir='ltr'><em>ἐπ’</em></span> <span class='ocrx_word' id='word_1_67' title='bbox 629 898 842 961; x_wconf 81' lang='grc' dir='ltr'><em>ἀδίκοις</em></span> <span class='ocrx_word' id='word_1_68' title='bbox 874 897 963 951; x_wconf 84' lang='grc' dir='ltr'><em>καὶ</em></span> <span class='ocrx_word' id='word_1_69' title='bbox 997 900 1200 961; x_wconf 80' lang='grc' dir='ltr'><em>δεινοῖς</em></span> <span class='ocrx_word' id='word_1_70' title='bbox 1235 896 1324 950; x_wconf 87' lang='grc' dir='ltr'><em>καὶ</em></span> <span class='ocrx_word' id='word_1_71' title='bbox 1359 899 1724 967; x_wconf 77' lang='grc' dir='ltr'><em>δημοκρατίας</em></span> <span class='ocrx_word' id='word_1_72' title='bbox 1755 897 1914 951; x_wconf 81' lang='grc' dir='ltr'><em>ἀλλο-</em></span> 
     </span>
     <span class='ocr_line' id='line_1_10' title="bbox 220 984 1914 1062; baseline -0.001 -21"><span class='ocrx_word' id='word_1_73' title='bbox 220 991 412 1057; x_wconf 83' lang='grc' dir='ltr'><em>τρίοις·</em></span> <span class='ocrx_word' id='word_1_74' title='bbox 470 990 517 1041; x_wconf 82' lang='grc' dir='ltr'><em>εἰ</em></span> <span class='ocrx_word' id='word_1_75' title='bbox 566 984 627 1040; x_wconf 79' lang='grc' dir='ltr'><em>δὲ</em></span> <span class='ocrx_word' id='word_1_76' title='bbox 673 985 914 1056; x_wconf 79' lang='grc' dir='ltr'><em>ἐμαυτὸν</em></span> <span class='ocrx_word' id='word_1_77' title='bbox 967 994 1041 1062; x_wconf 81' lang='grc' dir='ltr'><em>τῷ</em></span> <span class='ocrx_word' id='word_1_78' title='bbox 1092 989 1272 1058; x_wconf 77' lang='grc' dir='ltr'><em>δεσμῷ</em></span> <span class='ocrx_word' id='word_1_79' title='bbox 1331 988 1530 1056; x_wconf 83' lang='grc' dir='ltr'><em>δίδωμι</em></span> <span class='ocrx_word' id='word_1_80' title='bbox 1584 985 1674 1039; x_wconf 83' lang='grc' dir='ltr'><em>καὶ</em></span> <span class='ocrx_word' id='word_1_81' title='bbox 1723 985 1914 1054; x_wconf 88' lang='grc' dir='ltr'><em>δέομαι</em></span> 
     </span>
     <span class='ocr_line' id='line_1_11' title="bbox 153 1065 1916 1145; baseline -0.001 -15"><span class='ocrx_word' id='word_1_82' title='bbox 153 1100 198 1131; x_wconf 89' lang='lat'><em>10</em></span> <span class='ocrx_word' id='word_1_83' title='bbox 221 1078 309 1130; x_wconf 80' lang='grc' dir='ltr'><em>καὶ</em></span> <span class='ocrx_word' id='word_1_84' title='bbox 353 1077 572 1129; x_wconf 82' lang='grc' dir='ltr'><em>ἱκετεύω</em></span> <span class='ocrx_word' id='word_1_85' title='bbox 614 1078 850 1144; x_wconf 79' lang='grc' dir='ltr'><em>δεθῆναι</em></span> <span class='ocrx_word' id='word_1_86' title='bbox 881 1075 970 1129; x_wconf 85' lang='grc' dir='ltr'><em>καὶ</em></span> <span class='ocrx_word' id='word_1_87' title='bbox 1004 1077 1065 1129; x_wconf 90' lang='grc' dir='ltr'><em>τὸ</em></span> <span class='ocrx_word' id='word_1_88' title='bbox 1099 1076 1364 1145; x_wconf 82' lang='grc' dir='ltr'><em>δυστυχὲς</em></span> <span class='ocrx_word' id='word_1_89' title='bbox 1399 1083 1562 1129; x_wconf 86' lang='grc' dir='ltr'><em>τοῦτο</em></span> <span class='ocrx_word' id='word_1_90' title='bbox 1595 1065 1686 1128; x_wconf 71' lang='grc' dir='ltr'><em>ικαὶ</em></span> <span class='ocrx_word' id='word_1_91' title='bbox 1716 1075 1916 1144; x_wconf 83' lang='grc' dir='ltr'><em>πικρὸν</em></span> 
     </span>
     <span class='ocr_line' id='line_1_12' title="bbox 223 1161 1916 1235; baseline -0.001 -16"><span class='ocrx_word' id='word_1_92' title='bbox 223 1165 416 1235; x_wconf 80' lang='grc' dir='ltr'><em>κέρδος</em></span> <span class='ocrx_word' id='word_1_93' title='bbox 449 1166 585 1234; x_wconf 73' lang='grc' dir='ltr'><em>ἐμοί,</em></span> <span class='ocrx_word' id='word_1_94' title='bbox 617 1166 699 1227; x_wconf 82' lang='grc' dir='ltr'><em>τίς</em></span> <span class='ocrx_word' id='word_1_95' title='bbox 731 1164 976 1218; x_wconf 79' lang='grc' dir='ltr'><em>ἐνταῦθα</em></span> <span class='ocrx_word' id='word_1_96' title='bbox 1008 1167 1402 1234; x_wconf 84' lang='grc' dir='ltr'><em>παραβαίνεται</em></span> <span class='ocrx_word' id='word_1_97' title='bbox 1436 1167 1624 1231; x_wconf 85' lang='grc' dir='ltr'><em>νόμος;</em></span> <span class='ocrx_word' id='word_1_98' title='bbox 1669 1164 1752 1217; x_wconf 93' lang='grc'><em>11.</em></span> <span class='ocrx_word' id='word_1_99' title='bbox 1786 1161 1916 1217; x_wconf 78' lang='grc' dir='ltr'><em>οὐδὲ</em></span> 
     </span>
     <span class='ocr_line' id='line_1_13' title="bbox 223 1250 1917 1323; baseline -0.001 -17"><span class='ocrx_word' id='word_1_100' title='bbox 223 1255 327 1323; x_wconf 76' lang='grc' dir='ltr'><em>γὰρ</em></span> <span class='ocrx_word' id='word_1_101' title='bbox 375 1250 451 1307; x_wconf 82' lang='grc' dir='ltr'><em>αὗ</em></span> <span class='ocrx_word' id='word_1_102' title='bbox 507 1252 653 1307; x_wconf 84' lang='grc' dir='ltr'><em>τοῦτ’</em></span> <span class='ocrx_word' id='word_1_103' title='bbox 703 1256 853 1307; x_wconf 83' lang='grc' dir='ltr'><em>ἔστιν</em></span> <span class='ocrx_word' id='word_1_104' title='bbox 909 1255 1083 1307; x_wconf 83' lang='grc' dir='ltr'><em>εἰπεῖν</em></span> <span class='ocrx_word' id='word_1_105' title='bbox 1138 1254 1211 1316; x_wconf 82' lang='grc' dir='ltr'><em>ὡς</em></span> <span class='ocrx_word' id='word_1_106' title='bbox 1250 1253 1279 1306; x_wconf 86' lang='grc' dir='ltr'>ὁ</span> <span class='ocrx_word' id='word_1_107' title='bbox 1323 1255 1497 1322; x_wconf 84' lang='grc' dir='ltr'><em>πατὴρ</em></span> <span class='ocrx_word' id='word_1_108' title='bbox 1555 1252 1774 1317; x_wconf 81' lang='grc' dir='ltr'><em>ἐπέταξέ</em></span> <span class='ocrx_word' id='word_1_109' title='bbox 1824 1273 1917 1320; x_wconf 89' lang='grc' dir='ltr'><em>μοι</em></span> 
     </span>
     <span class='ocr_line' id='line_1_14' title="bbox 223 1339 1917 1412; baseline -0.001 -17"><span class='ocrx_word' id='word_1_110' title='bbox 223 1342 389 1395; x_wconf 67' lang='grc' dir='ltr'><em>καὶᾶ</em></span> <span class='ocrx_word' id='word_1_111' title='bbox 431 1344 619 1412; x_wconf 79' lang='grc' dir='ltr'><em>φεύγω</em></span> <span class='ocrx_word' id='word_1_112' title='bbox 668 1351 732 1412; x_wconf 75' lang='grc' dir='ltr'><em>τῇ</em></span> <span class='ocrx_word' id='word_1_113' title='bbox 780 1344 995 1412; x_wconf 80' lang='grc' dir='ltr'><em>γνώμῃ,</em></span> <span class='ocrx_word' id='word_1_114' title='bbox 1043 1339 1193 1396; x_wconf 84' lang='grc' dir='ltr'><em>ταῦτ’</em></span> <span class='ocrx_word' id='word_1_115' title='bbox 1247 1343 1575 1411; x_wconf 81' lang='grc' dir='ltr'><em>αἰδούμενος</em></span> <span class='ocrx_word' id='word_1_116' title='bbox 1629 1341 1793 1410; x_wconf 84' lang='grc' dir='ltr'><em>φέρω.</em></span> <span class='ocrx_word' id='word_1_117' title='bbox 1851 1341 1917 1395; x_wconf 89' lang='grc' dir='ltr'><em>οὐ</em></span> 
     </span>
     <span class='ocr_line' id='line_1_15' title="bbox 225 1431 1919 1501; baseline -0.001 -17"><span class='ocrx_word' id='word_1_118' title='bbox 225 1433 329 1501; x_wconf 75' lang='grc' dir='ltr'><em>γὰρ</em></span> <span class='ocrx_word' id='word_1_119' title='bbox 372 1433 688 1484; x_wconf 76' lang='grc' dir='ltr'><em>Μιλτιάδου</em></span> <span class='ocrx_word' id='word_1_120' title='bbox 720 1451 781 1499; x_wconf 77' lang='grc' dir='ltr'><em>γε</em></span> <span class='ocrx_word' id='word_1_121' title='bbox 821 1439 991 1484; x_wconf 85' lang='grc' dir='ltr'><em>ταῦτα</em></span> <span class='ocrx_word' id='word_1_122' title='bbox 1032 1431 1389 1500; x_wconf 76' lang='grc' dir='ltr'><em>ἐπιτάγματα,</em></span> <span class='ocrx_word' id='word_1_123' title='bbox 1435 1433 1509 1500; x_wconf 75' lang='grc' dir='ltr'><em>μὰ</em></span> <span class='ocrx_word' id='word_1_124' title='bbox 1555 1433 1686 1493; x_wconf 88' lang='grc' dir='ltr'><em>τοὺς</em></span> <span class='ocrx_word' id='word_1_125' title='bbox 1732 1432 1919 1500; x_wconf 80' lang='grc' dir='ltr'><em>θεούς,</em></span> 
     </span>
     <span class='ocr_line' id='line_1_16' title="bbox 161 1517 1921 1589; baseline -0.001 -15"><span class='ocrx_word' id='word_1_126' title='bbox 161 1543 202 1575; x_wconf 84' lang='lat'><em>15</em></span> <span class='ocrx_word' id='word_1_127' title='bbox 229 1521 295 1574; x_wconf 85' lang='grc' dir='ltr'><em>οὐ</em></span> <span class='ocrx_word' id='word_1_128' title='bbox 343 1522 416 1589; x_wconf 82' lang='grc' dir='ltr'><em>μὰ</em></span> <span class='ocrx_word' id='word_1_129' title='bbox 463 1521 564 1588; x_wconf 86' lang='grc' dir='ltr'><em>τὴν</em></span> <span class='ocrx_word' id='word_1_130' title='bbox 613 1522 879 1589; x_wconf 86' lang='grc' dir='ltr'><em>Δήμητρα</em></span> <span class='ocrx_word' id='word_1_131' title='bbox 925 1522 1026 1588; x_wconf 89' lang='grc' dir='ltr'><em>τὴν</em></span> <span class='ocrx_word' id='word_1_132' title='bbox 1081 1520 1212 1588; x_wconf 81' lang='grc' dir='ltr'><em>ἡμῖν</em></span> <span class='ocrx_word' id='word_1_133' title='bbox 1259 1521 1517 1588; x_wconf 82' lang='grc' dir='ltr'><em>δυσμενῆ.</em></span> <span class='ocrx_word' id='word_1_134' title='bbox 1573 1519 1691 1572; x_wconf 82' lang='grc' dir='ltr'><em>ἀλλ’</em></span> <span class='ocrx_word' id='word_1_135' title='bbox 1736 1517 1921 1588; x_wconf 81' lang='grc' dir='ltr'><em>ἔμοιγε</em></span> 
     </span>
     <span class='ocr_line' id='line_1_17' title="bbox 229 1607 1922 1677; baseline -0.001 -16"><span class='ocrx_word' id='word_1_136' title='bbox 229 1610 380 1661; x_wconf 87' lang='grc' dir='ltr'><em>δοκεῖ</em></span> <span class='ocrx_word' id='word_1_137' title='bbox 432 1609 522 1661; x_wconf 83' lang='grc' dir='ltr'><em>καὶ</em></span> <span class='ocrx_word' id='word_1_138' title='bbox 578 1610 875 1677; x_wconf 82' lang='grc' dir='ltr'><em>συμφορὰν</em></span> <span class='ocrx_word' id='word_1_139' title='bbox 929 1608 1121 1677; x_wconf 80' lang='grc' dir='ltr'><em>ἑτέραν</em></span> <span class='ocrx_word' id='word_1_140' title='bbox 1176 1608 1243 1661; x_wconf 88' lang='grc' dir='ltr'><em>οὐ</em></span> <span class='ocrx_word' id='word_1_141' title='bbox 1305 1609 1437 1677; x_wconf 82' lang='grc' dir='ltr'><em>μείω</em></span> <span class='ocrx_word' id='word_1_142' title='bbox 1500 1617 1596 1676; x_wconf 82' lang='grc' dir='ltr'><em>τῆς</em></span> <span class='ocrx_word' id='word_1_143' title='bbox 1655 1607 1922 1677; x_wconf 86' lang='grc' dir='ltr'><em>προτέρας</em></span> 
     </span>
     <span class='ocr_line' id='line_1_18' title="bbox 230 1695 1922 1766; baseline 0 -17"><span class='ocrx_word' id='word_1_144' title='bbox 230 1705 392 1750; x_wconf 83' lang='grc' dir='ltr'><em>τοῦτο</em></span> <span class='ocrx_word' id='word_1_145' title='bbox 442 1696 649 1759; x_wconf 84' lang='grc' dir='ltr'><em>ἐκεῖνος</em></span> <span class='ocrx_word' id='word_1_146' title='bbox 693 1696 1018 1766; x_wconf 76' lang='grc' dir='ltr'><em>ἡγήσεσθαι,</em></span> <span class='ocrx_word' id='word_1_147' title='bbox 1074 1698 1122 1750; x_wconf 85' lang='grc' dir='ltr'><em>εἰ</em></span> <span class='ocrx_word' id='word_1_148' title='bbox 1163 1696 1228 1750; x_wconf 86' lang='grc' dir='ltr'><em>ὃν</em></span> <span class='ocrx_word' id='word_1_149' title='bbox 1268 1698 1340 1760; x_wconf 85' lang='grc' dir='ltr'><em>ὡς</em></span> <span class='ocrx_word' id='word_1_150' title='bbox 1379 1695 1726 1765; x_wconf 79' lang='grc' dir='ltr'><em>ἡγησόμενον</em></span> <span class='ocrx_word' id='word_1_151' title='bbox 1764 1696 1922 1765; x_wconf 82' lang='grc' dir='ltr'><em>ὑμῶν</em></span> 
     </span>
     <span class='ocr_line' id='line_1_19' title="bbox 230 1783 1923 1855; baseline -0.001 -17"><span class='ocrx_word' id='word_1_152' title='bbox 230 1786 318 1839; x_wconf 83' lang='grc' dir='ltr'><em>καὶ</em></span> <span class='ocrx_word' id='word_1_153' title='bbox 372 1787 508 1852; x_wconf 90' lang='grc' dir='ltr'><em>πρὸς</em></span> <span class='ocrx_word' id='word_1_154' title='bbox 573 1784 774 1839; x_wconf 81' lang='grc' dir='ltr'><em>ἑαυτὸν</em></span> <span class='ocrx_word' id='word_1_155' title='bbox 836 1786 1272 1854; x_wconf 80' lang='grc' dir='ltr'><em>ἁμιλλησόμενον</em></span> <span class='ocrx_word' id='word_1_156' title='bbox 1326 1783 1546 1855; x_wconf 79' lang='grc' dir='ltr'><em>ἔτρεφε,</em></span> <span class='ocrx_word' id='word_1_157' title='bbox 1609 1793 1809 1839; x_wconf 87' lang='grc' dir='ltr'><em>τοῦτον</em></span> <span class='ocrx_word' id='word_1_158' title='bbox 1863 1785 1923 1838; x_wconf 84' lang='grc' dir='ltr'><em>ἐν</em></span> 
     </span>
     <span class='ocr_line' id='line_1_20' title="bbox 233 1871 1923 1943; baseline -0.001 -16"><span class='ocrx_word' id='word_1_159' title='bbox 233 1875 452 1942; x_wconf 88' lang='grc' dir='ltr'><em>δεσμοῖς</em></span> <span class='ocrx_word' id='word_1_160' title='bbox 492 1875 770 1927; x_wconf 80' lang='grc' dir='ltr'><em>θεάσαιτο.</em></span> <span class='ocrx_word' id='word_1_161' title='bbox 812 1873 962 1927; x_wconf 81' lang='grc' dir='ltr'><em>ἔστιν</em></span> <span class='ocrx_word' id='word_1_162' title='bbox 1002 1871 1107 1928; x_wconf 83' lang='grc' dir='ltr'><em>οὖν</em></span> <span class='ocrx_word' id='word_1_163' title='bbox 1147 1876 1292 1927; x_wconf 79' lang='grc' dir='ltr'><em>ἅπαν</em></span> <span class='ocrx_word' id='word_1_164' title='bbox 1332 1873 1478 1927; x_wconf 86' lang='grc' dir='ltr'><em>τοῦτ’</em></span> <span class='ocrx_word' id='word_1_165' title='bbox 1529 1872 1673 1943; x_wconf 81' lang='grc' dir='ltr'><em>ἐμόν.</em></span> <span class='ocrx_word' id='word_1_166' title='bbox 1721 1873 1923 1927; x_wconf 86' lang='grc' dir='ltr'><em>οὐδένα</em></span> 
     </span>
     <span class='ocr_line' id='line_1_21' title="bbox 169 1962 1925 2032; baseline -0.002 -14"><span class='ocrx_word' id='word_1_167' title='bbox 169 1986 212 2018; x_wconf 74' lang='lat'><em>20</em></span> <span class='ocrx_word' id='word_1_168' title='bbox 237 1963 407 2016; x_wconf 84' lang='grc' dir='ltr'><em>ἀδικῶ</em></span> <span class='ocrx_word' id='word_1_169' title='bbox 456 1973 566 2015; x_wconf 85' lang='grc' dir='ltr'><em>τῶν</em></span> <span class='ocrx_word' id='word_1_170' title='bbox 620 1965 821 2032; x_wconf 90' lang='grc' dir='ltr'><em>νόμων.</em></span> <span class='ocrx_word' id='word_1_171' title='bbox 904 1964 985 2015; x_wconf 80' lang='grc'><strong>12.</strong></span> <span class='ocrx_word' id='word_1_172' title='bbox 1032 1965 1136 2031; x_wconf 78' lang='grc' dir='ltr'><em>ἤδη</em></span> <span class='ocrx_word' id='word_1_173' title='bbox 1192 1983 1274 2024; x_wconf 85' lang='grc' dir='ltr'><em>τις</em></span> <span class='ocrx_word' id='word_1_174' title='bbox 1331 1965 1683 2031; x_wconf 85' lang='grc' dir='ltr'><em>ἰσχυρότερος</em></span> <span class='ocrx_word' id='word_1_175' title='bbox 1738 1962 1925 2030; x_wconf 80' lang='grc' dir='ltr'><em>ἕτερον</em></span> 
     </span>
    </p>
   </div>
   <div class='ocr_carea' id='block_1_3' title="bbox 347 2062 526 2066">
    <p class='ocr_par' dir='ltr' id='par_1_3' title="bbox 347 2062 526 2066">
     <span class='ocr_line' id='line_1_22' title="bbox 347 2062 526 2066; baseline 0 0"><span class='ocrx_word' id='word_1_176' title='bbox 347 2062 526 2066; x_wconf 95' lang='lat' dir='ltr'><em> </em></span> 
     </span>
    </p>
   </div>
   <div class='ocr_carea' id='block_1_4' title="bbox 356 2108 1924 2162">
    <p class='ocr_par' dir='ltr' id='par_1_4' title="bbox 356 2108 1924 2162">
     <span class='ocr_line' id='line_1_23' title="bbox 356 2108 1924 2162; baseline -0.001 -10"><span class='ocrx_word' id='word_1_177' title='bbox 356 2114 407 2152; x_wconf 83' lang='grc'><strong>15</strong></span> <span class='ocrx_word' id='word_1_178' title='bbox 434 2108 489 2152; x_wconf 88' lang='lat' dir='ltr'><em>cf.</em></span> <span class='ocrx_word' id='word_1_179' title='bbox 518 2108 623 2152; x_wconf 90' lang='lat' dir='ltr'>Her.</span> <span class='ocrx_word' id='word_1_180' title='bbox 642 2108 705 2151; x_wconf 91' lang='lat' dir='ltr'><em>VI</em></span> <span class='ocrx_word' id='word_1_181' title='bbox 724 2113 820 2152; x_wconf 85' lang='lat'><strong>134.</strong></span> <span class='ocrx_word' id='word_1_182' title='bbox 857 2108 1008 2153; x_wconf 85' lang='lat' dir='ltr'>Schol.</span> <span class='ocrx_word' id='word_1_183' title='bbox 1029 2108 1220 2152; x_wconf 76' lang='lat' dir='ltr'><strong>Aristid.</strong></span> <span class='ocrx_word' id='word_1_184' title='bbox 1247 2108 1302 2151; x_wconf 85' lang='lat' dir='ltr'><em>de</em></span> <span class='ocrx_word' id='word_1_185' title='bbox 1320 2108 1382 2152; x_wconf 87' lang='lat' dir='ltr'><em>IV</em></span> <span class='ocrx_word' id='word_1_186' title='bbox 1407 2109 1517 2151; x_wconf 85' lang='lat' dir='ltr'>viris</span> <span class='ocrx_word' id='word_1_187' title='bbox 1545 2108 1924 2162; x_wconf 77' lang='lat' dir='ltr'><strong>t.111691,21sq.</strong></span> 
     </span>
    </p>
   </div>
   <div class='ocr_carea' id='block_1_5' title="bbox 242 2255 415 2258">
    <p class='ocr_par' dir='ltr' id='par_1_5' title="bbox 242 2255 415 2258">
     <span class='ocr_line' id='line_1_24' title="bbox 242 2255 415 2258; baseline 0 0"><span class='ocrx_word' id='word_1_188' title='bbox 242 2255 415 2258; x_wconf 95' lang='lat' dir='ltr'><em> </em></span> 
     </span>
    </p>
   </div>
   <div class='ocr_carea' id='block_1_6' title="bbox 240 2295 1937 2992">
    <p class='ocr_par' dir='ltr' id='par_1_6' title="bbox 240 2295 1937 2992">
     <span class='ocr_line' id='line_1_25' title="bbox 356 2295 1927 2356; baseline 0 -13"><span class='ocrx_word' id='word_1_189' title='bbox 356 2307 381 2343; x_wconf 79' lang='lat'><strong>3</strong></span> <span class='ocrx_word' id='word_1_190' title='bbox 414 2302 480 2346; x_wconf 76' lang='grc' dir='ltr'><em>ἔτι</em></span> <span class='ocrx_word' id='word_1_191' title='bbox 514 2301 570 2344; x_wconf 80' lang='lat' dir='ltr'><em>Vi</em></span> <span class='ocrx_word' id='word_1_192' title='bbox 711 2305 737 2343; x_wconf 89' lang='lat'>4</span> <span class='ocrx_word' id='word_1_193' title='bbox 771 2303 915 2356; x_wconf 86' lang='grc' dir='ltr'><em>φησίν</em></span> <span class='ocrx_word' id='word_1_194' title='bbox 946 2315 1021 2344; x_wconf 92' lang='lat' dir='ltr'><em>om</em></span> <span class='ocrx_word' id='word_1_195' title='bbox 1055 2302 1112 2344; x_wconf 75' lang='lat' dir='ltr'><em>Vi</em></span> <span class='ocrx_word' id='word_1_196' title='bbox 1247 2304 1271 2343; x_wconf 88' lang='lat'>5</span> <span class='ocrx_word' id='word_1_197' title='bbox 1304 2300 1391 2356; x_wconf 78' lang='grc' dir='ltr'><em>γὰρ</em></span> <span class='ocrx_word' id='word_1_198' title='bbox 1426 2315 1499 2344; x_wconf 86' lang='lat' dir='ltr'><em>om</em></span> <span class='ocrx_word' id='word_1_199' title='bbox 1535 2302 1590 2344; x_wconf 69' lang='lat' dir='ltr'><em>Vi</em></span> <span class='ocrx_word' id='word_1_200' title='bbox 1727 2304 1750 2343; x_wconf 89' lang='grc'><strong>9</strong></span> <span class='ocrx_word' id='word_1_201' title='bbox 1783 2295 1830 2342; x_wconf 85' lang='grc' dir='ltr'><em>δ’</em></span> <span class='ocrx_word' id='word_1_202' title='bbox 1870 2299 1927 2343; x_wconf 76' lang='lat' dir='ltr'><em>Vi</em></span> 
     </span>
     <span class='ocr_line' id='line_1_26' title="bbox 297 2355 1922 2416; baseline -0.001 -13"><span class='ocrx_word' id='word_1_203' title='bbox 297 2393 299 2395; x_wconf 65' lang='lat'>.</span> <span class='ocrx_word' id='word_1_204' title='bbox 358 2365 411 2403; x_wconf 87' lang='lat'><em>14</em></span> <span class='ocrx_word' id='word_1_205' title='bbox 444 2355 577 2404; x_wconf 85' lang='grc' dir='ltr'><em>ταῦτ’</em></span> <span class='ocrx_word' id='word_1_206' title='bbox 615 2361 672 2404; x_wconf 74' lang='lat' dir='ltr'><em>Vi</em></span> <span class='ocrx_word' id='word_1_207' title='bbox 698 2363 703 2414; x_wconf 86' lang='grc' dir='ltr'>Ι</span> <span class='ocrx_word' id='word_1_208' title='bbox 733 2356 1018 2416; x_wconf 76' lang='grc' dir='ltr'><em>ἐπιτάγματα</em></span> <span class='ocrx_word' id='word_1_209' title='bbox 1051 2359 1114 2415; x_wconf 83' lang='grc' dir='ltr'><em>μὰ</em></span> <span class='ocrx_word' id='word_1_210' title='bbox 1145 2360 1252 2410; x_wconf 81' lang='grc' dir='ltr'><em>τοὺς</em></span> <span class='ocrx_word' id='word_1_211' title='bbox 1282 2359 1439 2414; x_wconf 82' lang='grc' dir='ltr'><em>θεούς,</em></span> <span class='ocrx_word' id='word_1_212' title='bbox 1473 2360 1528 2403; x_wconf 79' lang='grc' dir='ltr'><em>οὐ</em></span> <span class='ocrx_word' id='word_1_213' title='bbox 1561 2358 1647 2416; x_wconf 77' lang='grc' dir='ltr'><em>γὰρ</em></span> <span class='ocrx_word' id='word_1_214' title='bbox 1680 2357 1922 2415; x_wconf 77' lang='grc' dir='ltr'><em>μιλτιάδου</em></span> 
     </span>
     <span class='ocr_line' id='line_1_27' title="bbox 240 2417 1926 2476; baseline -0.002 -13"><span class='ocrx_word' id='word_1_215' title='bbox 240 2436 287 2476; x_wconf 84' lang='grc' dir='ltr'><em>γε</em></span> <span class='ocrx_word' id='word_1_216' title='bbox 312 2426 458 2462; x_wconf 85' lang='grc' dir='ltr'><em>ταῦτα</em></span> <span class='ocrx_word' id='word_1_217' title='bbox 482 2421 590 2462; x_wconf 74' lang='lat' dir='ltr'>ante</span> <span class='ocrx_word' id='word_1_218' title='bbox 616 2419 670 2463; x_wconf 81' lang='grc' dir='ltr'><em>οὐ</em></span> <span class='ocrx_word' id='word_1_219' title='bbox 698 2420 754 2463; x_wconf 66' lang='lat' dir='ltr'><em>Vi</em></span> <span class='ocrx_word' id='word_1_220' title='bbox 778 2421 825 2462; x_wconf 69' lang='lat' dir='ltr'><em>et</em></span> <span class='ocrx_word' id='word_1_221' title='bbox 849 2433 873 2462; x_wconf 90' lang='lat' dir='ltr'>e</span> <span class='ocrx_word' id='word_1_222' title='bbox 893 2421 976 2463; x_wconf 92' lang='lat' dir='ltr'><em>Mo</em></span> <span class='ocrx_word' id='word_1_223' title='bbox 999 2419 1123 2462; x_wconf 85' lang='lat' dir='ltr'>inser</span> <span class='ocrx_word' id='word_1_224' title='bbox 1140 2419 1205 2462; x_wconf 77' lang='lat' dir='ltr'><em>Re</em></span> <span class='ocrx_word' id='word_1_225' title='bbox 1231 2419 1304 2462; x_wconf 84' lang='lat' dir='ltr'><em>oui</em></span> <span class='ocrx_word' id='word_1_226' title='bbox 1330 2419 1575 2462; x_wconf 77' lang='lat' dir='ltr'><strong>oblocutus</strong></span> <span class='ocrx_word' id='word_1_227' title='bbox 1601 2419 1673 2462; x_wconf 62' lang='lat' dir='ltr'><em>esi)</em></span> <span class='ocrx_word' id='word_1_228' title='bbox 1689 2417 1926 2461; x_wconf 81' lang='lat' dir='ltr'><strong>Iacobsius</strong></span> 
     </span>
     <span class='ocr_line' id='line_1_28' title="bbox 244 2477 1925 2534; baseline -0.001 -14"><span class='ocrx_word' id='word_1_229' title='bbox 244 2479 351 2522; x_wconf 65' lang='lat' dir='ltr'>Lech</span> <span class='ocrx_word' id='word_1_230' title='bbox 378 2483 457 2521; x_wconf 90' lang='lat'><em>111</em></span> <span class='ocrx_word' id='word_1_231' title='bbox 493 2478 574 2534; x_wconf 87' lang='lat' dir='ltr'><em>qui</em></span> <span class='ocrx_word' id='word_1_232' title='bbox 606 2477 669 2533; x_wconf 80' lang='grc' dir='ltr'><em>μὰ</em></span> <span class='ocrx_word' id='word_1_233' title='bbox 700 2479 808 2528; x_wconf 81' lang='grc' dir='ltr'><em>τοὺς</em></span> <span class='ocrx_word' id='word_1_234' title='bbox 837 2478 981 2528; x_wconf 79' lang='grc' dir='ltr'><em>θεούς</em></span> <span class='ocrx_word' id='word_1_235' title='bbox 1021 2478 1295 2522; x_wconf 78' lang='lat' dir='ltr'>servandum</span> <span class='ocrx_word' id='word_1_236' title='bbox 1337 2480 1492 2521; x_wconf 75' lang='lat' dir='ltr'>censet</span> <span class='ocrx_word' id='word_1_237' title='bbox 1531 2477 1707 2520; x_wconf 79' lang='lat' dir='ltr'>addens</span> <span class='ocrx_word' id='word_1_238' title='bbox 1747 2478 1925 2519; x_wconf 78' lang='lat' dir='ltr'>tamen:</span> 
     </span>
     <span class='ocr_line' id='line_1_29' title="bbox 242 2535 1927 2596; baseline -0.001 -16"><span class='ocrx_word' id='word_1_239' title='bbox 242 2538 432 2593; x_wconf 79' lang='lat' dir='ltr'><em>„quodsi</em></span> <span class='ocrx_word' id='word_1_240' title='bbox 470 2539 570 2594; x_wconf 75' lang='lat' dir='ltr'><em>quis</em></span> <span class='ocrx_word' id='word_1_241' title='bbox 608 2542 758 2581; x_wconf 75' lang='lat' dir='ltr'><em>tamen</em></span> <span class='ocrx_word' id='word_1_242' title='bbox 798 2536 1085 2592; x_wconf 77' lang='grc' dir='ltr'><em>ἐπιτάγματα</em></span> <span class='ocrx_word' id='word_1_243' title='bbox 1124 2551 1301 2581; x_wconf 77' lang='lat' dir='ltr'><em>servare</em></span> <span class='ocrx_word' id='word_1_244' title='bbox 1339 2538 1550 2590; x_wconf 71' lang='lat' dir='ltr'><em>voluerit,</em></span> <span class='ocrx_word' id='word_1_245' title='bbox 1591 2551 1684 2580; x_wconf 75' lang='lat' dir='ltr'><em>non</em></span> <span class='ocrx_word' id='word_1_246' title='bbox 1725 2535 1927 2596; x_wconf 73' lang='lat' dir='ltr'><em>equidem</em></span> 
     </span>
     <span class='ocr_line' id='line_1_30' title="bbox 243 2596 1927 2654; baseline -0.001 -15"><span class='ocrx_word' id='word_1_247' title='bbox 243 2597 458 2651; x_wconf 80' lang='lat' dir='ltr'><em>impedio:</em></span> <span class='ocrx_word' id='word_1_248' title='bbox 490 2610 765 2652; x_wconf 78' lang='lat' dir='ltr'><strong><em>quamquam</em></strong></span> <span class='ocrx_word' id='word_1_249' title='bbox 795 2598 1072 2654; x_wconf 64' lang='lat' dir='ltr'><em>glossematis</em></span> <span class='ocrx_word' id='word_1_250' title='bbox 1102 2598 1288 2652; x_wconf 76' lang='lat' dir='ltr'><em>speeiem</em></span> <span class='ocrx_word' id='word_1_251' title='bbox 1319 2597 1483 2640; x_wconf 75' lang='lat' dir='ltr'><strong><em>habeat</em></strong></span> <span class='ocrx_word' id='word_1_252' title='bbox 1511 2597 1593 2640; x_wconf 85' lang='lat' dir='ltr'><em>hoc</em></span> <span class='ocrx_word' id='word_1_253' title='bbox 1631 2596 1927 2640; x_wconf 74' lang='lat' dir='ltr'><strong><em>vocabulum“</em></strong></span> 
     </span>
     <span class='ocr_line' id='line_1_31' title="bbox 302 2653 1930 2711; baseline -0.002 -13"><span class='ocrx_word' id='word_1_254' title='bbox 302 2670 376 2698; x_wconf 90' lang='lat' dir='ltr'><em>om</em></span> <span class='ocrx_word' id='word_1_255' title='bbox 403 2656 631 2699; x_wconf 76' lang='lat' dir='ltr'><em>BLILau</em></span> <span class='ocrx_word' id='word_1_256' title='bbox 663 2655 764 2698; x_wconf 81' lang='lat' dir='ltr'><em>Mor</em></span> <span class='ocrx_word' id='word_1_257' title='bbox 809 2655 894 2699; x_wconf 83' lang='grc' dir='ltr'><em>,οὐ</em></span> <span class='ocrx_word' id='word_1_258' title='bbox 935 2654 1021 2711; x_wconf 79' lang='grc' dir='ltr'><em>γὰρ</em></span> <span class='ocrx_word' id='word_1_259' title='bbox 1061 2654 1301 2710; x_wconf 75' lang='grc' dir='ltr'><em>μιλτιοίδου</em></span> <span class='ocrx_word' id='word_1_260' title='bbox 1341 2670 1390 2711; x_wconf 82' lang='grc' dir='ltr'><em>γε</em></span> <span class='ocrx_word' id='word_1_261' title='bbox 1429 2661 1575 2698; x_wconf 84' lang='grc' dir='ltr'><em>ταῦτα</em></span> <span class='ocrx_word' id='word_1_262' title='bbox 1615 2656 1669 2697; x_wconf 72' lang='lat' dir='ltr'><em>ub</em></span> <span class='ocrx_word' id='word_1_263' title='bbox 1701 2653 1930 2709; x_wconf 72' lang='lat' dir='ltr'><strong>dittogra-</strong></span> 
     </span>
     <span class='ocr_line' id='line_1_32' title="bbox 244 2711 1929 2770; baseline -0.001 -15"><span class='ocrx_word' id='word_1_264' title='bbox 244 2713 403 2769; x_wconf 81' lang='lat' dir='ltr'><strong>phiam</strong></span> <span class='ocrx_word' id='word_1_265' title='bbox 436 2713 585 2757; x_wconf 83' lang='lat' dir='ltr'>delevi</span> <span class='ocrx_word' id='word_1_266' title='bbox 710 2718 762 2756; x_wconf 85' lang='lat'><em>15</em></span> <span class='ocrx_word' id='word_1_267' title='bbox 795 2713 1032 2770; x_wconf 81' lang='grc' dir='ltr'><em>δήμητραν</em></span> <span class='ocrx_word' id='word_1_268' title='bbox 1069 2715 1279 2758; x_wconf 71' lang='lat' dir='ltr'><em>ViLLau</em></span> <span class='ocrx_word' id='word_1_269' title='bbox 1306 2714 1311 2768; x_wconf 90' lang='grc' dir='ltr'>Ι</span> <span class='ocrx_word' id='word_1_270' title='bbox 1340 2711 1456 2765; x_wconf 79' lang='grc' dir='ltr'><em>ἀλλ’,</em></span> <span class='ocrx_word' id='word_1_271' title='bbox 1492 2712 1642 2769; x_wconf 76' lang='grc' dir='ltr'><em>ἔμοιγε</em></span> <span class='ocrx_word' id='word_1_272' title='bbox 1675 2714 1817 2765; x_wconf 81' lang='grc' dir='ltr'><em>δοκεῖ,</em></span> <span class='ocrx_word' id='word_1_273' title='bbox 1850 2711 1929 2755; x_wconf 86' lang='grc' dir='ltr'><em>καὶ</em></span> 
     </span>
     <span class='ocr_line' id='line_1_33' title="bbox 244 2770 1930 2829; baseline -0.002 -14"><span class='ocrx_word' id='word_1_274' title='bbox 244 2773 405 2816; x_wconf 81' lang='lat' dir='ltr'>[acobs</span> <span class='ocrx_word' id='word_1_275' title='bbox 438 2773 563 2816; x_wconf 70' lang='lat' dir='ltr'><strong>Anth</strong></span> <span class='ocrx_word' id='word_1_276' title='bbox 597 2772 678 2816; x_wconf 84' lang='lat' dir='ltr'><em>Pal</em></span> <span class='ocrx_word' id='word_1_277' title='bbox 703 2772 766 2815; x_wconf 88' lang='lat' dir='ltr'><em>III</em></span> <span class='ocrx_word' id='word_1_278' title='bbox 791 2778 874 2815; x_wconf 79' lang='lat'><em>526</em></span> <span class='ocrx_word' id='word_1_279' title='bbox 1000 2777 1052 2815; x_wconf 81' lang='lat'><em>17</em></span> <span class='ocrx_word' id='word_1_280' title='bbox 1087 2773 1235 2816; x_wconf 81' lang='grc' dir='ltr'><em>ἐκεῖνο</em></span> <span class='ocrx_word' id='word_1_281' title='bbox 1270 2773 1327 2815; x_wconf 68' lang='lat' dir='ltr'><em>Vi</em></span> <span class='ocrx_word' id='word_1_282' title='bbox 1367 2772 1372 2829; x_wconf 92' lang='grc' dir='ltr'>Ι</span> <span class='ocrx_word' id='word_1_283' title='bbox 1421 2771 1680 2829; x_wconf 78' lang='grc' dir='ltr'><em>ἡγήσεσθαι</em></span> <span class='ocrx_word' id='word_1_284' title='bbox 1711 2770 1873 2827; x_wconf 82' lang='lat' dir='ltr'>scripsi</span> <span class='ocrx_word' id='word_1_285' title='bbox 1905 2783 1930 2812; x_wconf 92' lang='lat' dir='ltr'>e</span> 
     </span>
     <span class='ocr_line' id='line_1_34' title="bbox 247 2828 1930 2887; baseline -0.001 -13"><span class='ocrx_word' id='word_1_286' title='bbox 247 2831 401 2875; x_wconf 81' lang='lat' dir='ltr'><em>BLau</em></span> <span class='ocrx_word' id='word_1_287' title='bbox 466 2830 729 2887; x_wconf 80' lang='grc' dir='ltr'><em>ἡγήσασθαι</em></span> <span class='ocrx_word' id='word_1_288' title='bbox 753 2831 796 2874; x_wconf 90' lang='lat' dir='ltr'><em>L</em></span> <span class='ocrx_word' id='word_1_289' title='bbox 821 2831 901 2874; x_wconf 83' lang='lat' dir='ltr'><em>sed</em></span> <span class='ocrx_word' id='word_1_290' title='bbox 927 2831 974 2874; x_wconf 89' lang='lat' dir='ltr'><em>in</em></span> <span class='ocrx_word' id='word_1_291' title='bbox 1000 2831 1087 2875; x_wconf 89' lang='lat' dir='ltr'><em>hoc</em></span> <span class='ocrx_word' id='word_1_292' title='bbox 1112 2849 1141 2874; x_wconf 84' lang='grc' dir='ltr'><em>α</em></span> <span class='ocrx_word' id='word_1_293' title='bbox 1166 2831 1212 2873; x_wconf 83' lang='lat' dir='ltr'><em>in</em></span> <span class='ocrx_word' id='word_1_294' title='bbox 1241 2847 1259 2873; x_wconf 86' lang='grc' dir='ltr'><em>ε</em></span> <span class='ocrx_word' id='word_1_295' title='bbox 1287 2845 1387 2874; x_wconf 83' lang='lat' dir='ltr'><strong>corr</strong></span> <span class='ocrx_word' id='word_1_296' title='bbox 1410 2830 1493 2880; x_wconf 78' lang='lat' dir='ltr'><em>m2,</em></span> <span class='ocrx_word' id='word_1_297' title='bbox 1515 2832 1543 2873; x_wconf 93' lang='lat' dir='ltr'><strong><em>I</em></strong></span> <span class='ocrx_word' id='word_1_298' title='bbox 1562 2830 1652 2873; x_wconf 89' lang='lat' dir='ltr'><em>edd</em></span> <span class='ocrx_word' id='word_1_299' title='bbox 1714 2828 1930 2884; x_wconf 81' lang='grc' dir='ltr'><em>ἡγήσεται</em></span> 
     </span>
     <span class='ocr_line' id='line_1_35' title="bbox 256 2887 1937 2945; baseline -0.002 -11"><span class='ocrx_word' id='word_1_300' title='bbox 256 2891 312 2934; x_wconf 84' lang='lat' dir='ltr'><em>Vi</em></span> <span class='ocrx_word' id='word_1_301' title='bbox 342 2893 388 2934; x_wconf 76' lang='lat' dir='ltr'><em>et</em></span> <span class='ocrx_word' id='word_1_302' title='bbox 420 2892 577 2933; x_wconf 75' lang='lat' dir='ltr'>tuetur</span> <span class='ocrx_word' id='word_1_303' title='bbox 607 2890 843 2933; x_wconf 83' lang='lat' dir='ltr'>Iacobsius</span> <span class='ocrx_word' id='word_1_304' title='bbox 877 2890 904 2934; x_wconf 88' lang='lat' dir='ltr'><em>l.</em></span> <span class='ocrx_word' id='word_1_305' title='bbox 932 2890 961 2933; x_wconf 94' lang='grc'><strong>1.</strong></span> <span class='ocrx_word' id='word_1_306' title='bbox 1002 2892 1007 2945; x_wconf 67' lang='grc'><strong>1</strong></span> <span class='ocrx_word' id='word_1_307' title='bbox 1047 2891 1108 2941; x_wconf 88' lang='grc' dir='ltr'><em>ὡς</em></span> <span class='ocrx_word' id='word_1_308' title='bbox 1139 2905 1213 2934; x_wconf 89' lang='lat' dir='ltr'><em>om</em></span> <span class='ocrx_word' id='word_1_309' title='bbox 1249 2891 1303 2933; x_wconf 73' lang='lat' dir='ltr'><em>Vz·</em></span> <span class='ocrx_word' id='word_1_310' title='bbox 1424 2895 1479 2932; x_wconf 84' lang='grc'><em>20</em></span> <span class='ocrx_word' id='word_1_311' title='bbox 1512 2887 1580 2939; x_wconf 83' lang='grc' dir='ltr'><em>τίς</em></span> <span class='ocrx_word' id='word_1_312' title='bbox 1613 2890 1669 2932; x_wconf 67' lang='lat' dir='ltr'><em>Vi</em></span> <span class='ocrx_word' id='word_1_313' title='bbox 1694 2891 1700 2943; x_wconf 79' lang='grc' dir='ltr'>Ι</span> <span class='ocrx_word' id='word_1_314' title='bbox 1729 2887 1881 2942; x_wconf 76' lang='grc' dir='ltr'><em>ἕτερος</em></span> <span class='ocrx_word' id='word_1_315' title='bbox 1903 2889 1937 2930; x_wconf 93' lang='grc' dir='ltr'><em>Ι</em></span> 
     </span>
     <span class='ocr_line' id='line_1_36' title="bbox 248 2949 1761 2992; baseline -0.001 -1"><span class='ocrx_word' id='word_1_316' title='bbox 248 2949 355 2991; x_wconf 79' lang='lat' dir='ltr'><em>Lau</em></span> <span class='ocrx_word' id='word_1_317' title='bbox 385 2949 486 2992; x_wconf 89' lang='lat' dir='ltr'><em>Mor</em></span> <span class='ocrx_word' id='word_1_318' title='bbox 1759 2977 1761 2979; x_wconf 94' lang='lat'>-</span> 
     </span>
    </p>
   </div>
  </div>
 </body>
</html>
