2054 3192
605 163 685 207 DE
718 162 1005 208 SOCRATIS
1037 158 1311 208 SILENTIO
1690 164 1795 216 145

105 299 336 370 μελέτην
395 305 680 354 ποιεῖσθαι
741 300 841 352 τὸν
902 302 1030 367 βίον
1090 298 1676 368 ἀναμιμνησκομένους
1702 290 1706 293 ’
1728 287 1797 352 ’τὰ

107 390 283 442 πολλὰ
307 399 419 442 τῶν
443 388 686 458 ἀρχαίων
719 388 726 457 Ι
761 389 1104 457 μαθημάτων
1135 386 1197 441 ἐν
1228 381 1312 452 οἷς
1342 378 1591 442 ἐνταῦθα
1620 393 1723 438 Mor
1738 409 1783 450 p.
1802 397 1887 436 258

109 475 384 546 δοκοῦμεν
421 477 633 545 μένειν,
682 477 957 545 ἐλθούσης
1003 475 1063 530 δὲ
1108 486 1205 546 τῆς
1242 479 1438 548 μοίρας
1483 485 1578 546 τῆς
1616 478 1801 546 εἱμαρ-

108 566 276 634 μένης
304 566 555 635 κούφους
586 564 676 618 καὶ
708 566 1018 632 μετεώρους
1050 565 1321 636 φέρεσθαι
1355 567 1502 634 παρὰ
1534 566 1802 628 δεσπότας

109 657 282 718 θεοὺς
319 654 407 707 καὶ
443 656 709 723 δαίμονας
748 664 945 724 ψυχῶν
985 655 1267 724 δικαστάς,
1314 658 1371 708 οἳ
1417 654 1647 724 νέμουσι
1685 663 1802 717 τοῖς
1849 675 1868 708 5

113 741 216 814 μὲν
264 749 524 814 καθαρῶς
569 742 658 796 καὶ
707 745 932 806 δικαίως
977 733 1406 812 βεβιωκόσικαὶ
1456 745 1590 810 μετὰ
1643 747 1802 812 φιλο-

110 836 312 901 σοφίας
350 831 601 900 ἀληθοῦς
640 831 1036 902 ἀνασχομένοις
1081 842 1195 886 τῶν
1241 831 1303 885 ἐν
1344 841 1409 903 τῇ
1450 841 1518 903 γῇ
1557 833 1803 903 πραγμά-

110 939 225 974 των
262 926 414 974 θεῶν
454 922 800 974 ἀκολουθίαν
837 919 929 974 καὶ
969 923 1070 989 τὴν
1100 921 1512 990 ὑπερουράνιον
1542 923 1804 990 περίοδον

110 1008 201 1063 καὶ
235 1009 376 1062 θέαν
409 1010 580 1062 αὐτοῦ
612 1010 785 1079 <τοῦ>
818 1011 1037 1063 δικαίου
1067 1011 1156 1063 καὶ
1189 1016 1361 1066 καλοῦ
1392 1009 1481 1063 καὶ
1517 1010 1804 1063 ἀθανάτου

112 1098 204 1152 καὶ
230 1108 425 1169 ψυχῶν
450 1098 814 1167 εὐδαιμόνων,
838 1107 953 1162 τοῖς
978 1097 1038 1152 δὲ
1064 1098 1321 1169 ἀθέσμως
1343 1098 1435 1153 καὶ
1461 1099 1661 1162 ἀδίκως
1675 1100 1807 1168 βιώ-
1830 1120 1873 1154 ιο

112 1202 238 1242 σασι
279 1188 368 1241 καὶ
408 1191 631 1240 πολλῶν
669 1189 765 1250 τὰς
804 1189 984 1257 ψυχὰς
1022 1198 1240 1257 μεστοῖς
1279 1177 1808 1258 ἀνοσιουργημάτων

122 1278 398 1347 Τάρταροί
439 1296 496 1329 τε
542 1275 633 1329 καὶ
676 1275 930 1330 Κωκυτοὶ
976 1277 1066 1330 καὶ
1107 1268 1630 1348 Πυριφλεγέθοντες
1673 1277 1808 1330 ὑπο-

115 1365 275 1435 δοχαὶ
313 1366 403 1418 καὶ
443 1364 620 1421 δειναὶ
661 1366 912 1428 κολάσεις
943 1364 1034 1418 καὶ
1067 1369 1428 1435 πολυχρόνιοι
1460 1369 1715 1434 τιμωρίαι
1747 1364 1809 1419 ἐν

51 1498 56 1502 .
119 1454 124 1523 Ι
167 1453 301 1525 πυρὶ
334 1453 423 1506 καὶ
457 1456 630 1526 σκότῳ
663 1453 754 1508 καὶ
788 1454 1108 1517 ἀλλοκότοις
1140 1455 1409 1524 ῥεύμασιν
1441 1456 1569 1524 ἄλη-
1632 1460 1733 1504 Mor
1747 1474 1792 1516 p.
1812 1464 1898 1504 260

114 1563 248 1597 κτον
287 1543 678 1612 ἐλαυνομένοις
716 1544 915 1613 φοράν.
1444 1575 1449 1579 ·
1833 1566 1875 1600 15

229 1632 313 1684 37.
355 1630 537 1685 ’Ταῦτ’
599 1630 751 1686 ἐστὶν
797 1633 831 1686 ἃ
878 1631 1023 1701 λέγει
1081 1633 1401 1702 Σωκράτης,
1454 1640 1626 1685 ταῦτα
1681 1632 1811 1701 ἡμῖν

117 1719 452 1789 ἐπισκήπτει,
500 1716 660 1774 αὗται
701 1722 965 1790 διαθῆκαι
1005 1722 1350 1791 Σωκράτους.
1401 1723 1483 1783 τίς
1534 1723 1811 1791 φθονήσει

118 1810 251 1879 ἡμῖν
288 1818 384 1879 τῆς
424 1813 781 1879 Σωκρατικῆς
819 1810 1151 1873 ἀθανασίας;
1199 1807 1366 1864 ἔασον
1403 1811 1541 1880 ἡμᾶς
1563 1799 1812 1864 ἀκοῦσαι

241 1990 264 2029 1
290 1984 410 2030 Plat.
438 1985 608 2030 phaed.
634 2000 678 2042 p.
705 1990 759 2029 81
780 1987 820 2029 A
942 1991 967 2028 2
991 1985 1111 2029 Plat.
1138 1985 1310 2030 Phaed.
1335 2001 1380 2042 p.
1409 1991 1462 2029 72
1480 1986 1517 2029 E
1631 1990 1667 2029 >8
1692 1985 1811 2029 Plat.

119 2044 291 2089 Phaed.
324 2060 368 2101 p.
394 2049 450 2088 82
470 2043 503 2089 C
624 2049 650 2088 9
683 2045 802 2090 Plat.
834 2045 1032 2089 Phaedr.
1063 2060 1108 2101 p.
1135 2050 1219 2088 247
1240 2044 1357 2102 qu.
1482 2050 1534 2089 11
1568 2045 1689 2089 Plat.
1721 2044 1812 2102 leg.

120 2104 163 2147 X
191 2119 235 2161 p.
262 2103 423 2158 905B;
456 2117 529 2161 ep.
553 2104 640 2149 VII
671 2120 715 2162 p.
742 2109 828 2148 335
846 2105 882 2148 B
1006 2109 1060 2148 12
1092 2104 1200 2148 Luc.
1233 2105 1333 2148 luch
1373 2108 1398 2148 3

244 2271 266 2309 1
300 2266 490 2324 μελέτην
523 2267 690 2339 scripsi
721 2281 745 2311 e
779 2267 867 2312 Ma
898 2267 1057 2311 Macar
1087 2266 1178 2311 coll
1205 2267 1436 2311 Plat.1.1.
1498 2266 1683 2324 μνήμην
1710 2244 1815 2310 ΜΒ

122 2325 227 2370 Mor
274 2329 280 2383 Ι
329 2326 413 2371 τὸν
444 2325 598 2371 πάντα
630 2324 735 2385 βίον
767 2326 927 2370 Macar
1070 2332 1095 2369 5
1128 2324 1319 2384 μένουσι
1352 2328 1488 2372 ΜαΒ
1517 2330 1545 2381 Ι
1594 2326 1702 2376 τοὺς
1733 2325 1816 2381 μὲν

123 2384 283 2429 Macar
401 2390 428 2429 6
466 2389 702 2442 καθαροῖς
733 2387 779 2430 Β
807 2388 813 2441 Ι
842 2383 1044 2436 δικαίοις
1075 2387 1121 2430 Β
1182 2387 1261 2430 καὶ
1294 2387 1449 2443 βιοῦσι
1480 2373 1560 2430 καὶ
1593 2386 1684 2429 Μα
1710 2387 1717 2442 Ι
1745 2386 1817 2443 βε-

123 2443 353 2517 βιωκότας
383 2446 431 2488 01:
451 2450 487 2487 7
521 2443 870 2519 ἀνασχομένους
907 2445 1069 2489 Macar
1211 2449 1238 2489 8
1276 2443 1560 2489 ἀκολουθίαι
1600 2443 1815 2502 δέχονται

124 2504 206 2548 καὶ
236 2502 265 2559 ἡ
297 2504 638 2560 ὑπερουράνιος
666 2501 885 2559 περίοδος
916 2504 996 2548 καὶ
1025 2503 1120 2548 θέα
1152 2505 1297 2548 αὐτοῦ
1329 2511 1411 2548 τοῦ
1443 2502 1630 2548 δικαίου
1660 2503 1819 2547 Macar

247 2567 272 2605 9
305 2563 386 2606 καὶ
416 2562 540 2608 θέαν
572 2565 716 2607 αὐτοῦ
748 2564 924 2607 inserui
956 2578 981 2607 e
1008 2565 1098 2608 Ma
1121 2563 1282 2607 Macar
1342 2577 1417 2607 om
1444 2564 1549 2607 ΜΒ
1574 2563 1676 2606 Μοι·
1702 2563 1708 2620 Ι
1734 2568 1817 2606 τοῦ

124 2621 301 2665 inserui
449 2627 504 2666 10
551 2623 633 2667 καὶ
670 2622 845 2666 inserui
885 2638 908 2666 e
948 2623 1108 2667 Macar
1182 2637 1258 2666 om
1297 2622 1406 2665 libri
1446 2622 1547 2666 Mor
1595 2624 1602 2679 Ι
1654 2629 1818 2680 ψυχῶν

125 2678 418 2741 εὐδαιμόνων
457 2682 623 2738 scripsi
662 2695 687 2725 c
726 2682 884 2725 Macar
958 2682 1116 2739 ψυχὴν
1160 2681 1451 2738 εὐδαιμόνων
1499 2682 1589 2726 Μα
1664 2684 1820 2738 ψυχῆς

126 2737 407 2796 εὐδαίμονος
432 2741 492 2784 Μ
512 2741 614 2785 Μοι·
665 2748 821 2814 ψυχῆς
843 2755 949 2785 cum
973 2741 1046 2784 lac
1071 2746 1096 2783 8
1123 2739 1202 2784 litt
1226 2742 1272 2785 B
1298 2743 1306 2769 ⁸
1333 2740 1531 2797 ἀθύμως
1553 2740 1712 2784 Macar

130 2803 183 2842 11
210 2799 290 2842 καὶ
312 2825 370 2831 -
396 2800 838 2856 ἀνοσιουργηματων
862 2814 949 2843 om
958 2799 1118 2843 Macar
1232 2804 1285 2842 12
1298 2757 1740 2855 πυριφλεγέθοντος
1763 2798 1825 2841 Μ

135 2885 143 2891 x
222 2860 275 2900 13
300 2859 598 2914 ταμιεύονται
621 2861 730 2933 post
752 2857 967 2915 τιμωρίαι
992 2859 1152 2902 Macar
1212 2859 1282 2916 ἐν]
1306 2858 1387 2902 καὶ
1413 2858 1503 2902 Μα
1595 2862 1650 2901 16
1673 2864 1820 2901 ταῦτα

128 2914 296 3018 {cz-lassi
334 2930 368 2961 e
385 2918 497 3020 gdB
531 2943 534 2946 -
565 2915 696 2961 ταῦτ’
734 2919 823 2962 Μα
890 2915 1034 2962 ταῦθ’
1071 2918 1173 2961 Mor
1199 2920 1207 2974 Ι
1232 2918 1342 2974 ἡμῖν
1373 2915 1642 2972 ἐπισκήπτει
1673 2917 1723 2960 in
1745 2915 1822 2960 lac

202 2989 219 3017 1
285 2989 361 3019 om

221 3058 415 3091 mems
439 3059 497 3091 ad.
522 3059 759 3092 Foorster.
784 3060 830 3091 V.
1409 3054 1463 3093 10
