<?xml version="1.0" encoding="UTF-8"?>
<!DOCTYPE html PUBLIC "-//W3C//DTD XHTML 1.0 Transitional//EN"
    "http://www.w3.org/TR/xhtml1/DTD/xhtml1-transitional.dtd">
<html xmlns="http://www.w3.org/1999/xhtml" xml:lang="en" lang="en">
 <head>
  <title>
</title>
<meta http-equiv="Content-Type" content="text/html;charset=utf-8" />
  <meta name='ocr-system' content='tesseract 3.04.00' />
  <meta name='ocr-capabilities' content='ocr_page ocr_carea ocr_par ocr_line ocrx_word'/>
</head>
<body>
  <div class='ocr_page' id='page_1' title='image "./operarecensuitri05libauoft/operarecensuitri05libauoft_0568.png"; bbox 0 0 2026 3192; ppageno 0'>
   <div class='ocr_carea' id='block_1_1' title="bbox 218 108 1457 161">
    <p class='ocr_par' dir='ltr' id='par_1_1' title="bbox 218 108 1457 161">
     <span class='ocr_line' id='line_1_1' title="bbox 218 108 1457 161; baseline -0.006 0"><span class='ocrx_word' id='word_1_1' title='bbox 218 108 325 161; x_wconf 80' lang='grc'><strong><em>558</em></strong></span> <span class='ocrx_word' id='word_1_2' title='bbox 686 108 917 152; x_wconf 90' lang='lat' dir='ltr'><strong>LIBANII</strong></span> <span class='ocrx_word' id='word_1_3' title='bbox 947 109 1340 154; x_wconf 86' lang='lat' dir='ltr'><strong>DECLAMATIO</strong></span> <span class='ocrx_word' id='word_1_4' title='bbox 1372 110 1457 153; x_wconf 90' lang='lat' dir='ltr'><strong><em>XII</em></strong></span> 
     </span>
    </p>
   </div>
   <div class='ocr_carea' id='block_1_2' title="bbox 147 243 1913 1826">
    <p class='ocr_par' dir='ltr' id='par_1_2' title="bbox 147 243 1913 1826">
     <span class='ocr_line' id='line_1_2' title="bbox 217 243 1913 315; baseline 0.002 -19"><span class='ocrx_word' id='word_1_5' title='bbox 217 251 325 297; x_wconf 86' lang='grc' dir='ltr'><strong><em>νῦν</em></strong></span> <span class='ocrx_word' id='word_1_6' title='bbox 378 244 479 310; x_wconf 81' lang='grc' dir='ltr'><strong><em>μὲν</em></strong></span> <span class='ocrx_word' id='word_1_7' title='bbox 533 245 610 307; x_wconf 86' lang='grc' dir='ltr'><strong><em>εἰς</em></strong></span> <span class='ocrx_word' id='word_1_8' title='bbox 661 243 974 312; x_wconf 77' lang='grc' dir='ltr'><strong><em>Ἀγάθωνος</em></strong></span> <span class='ocrx_word' id='word_1_9' title='bbox 1036 245 1334 315; x_wconf 85' lang='grc' dir='ltr'><strong><em>εἰσέρχεται</em></strong></span> <span class='ocrx_word' id='word_1_10' title='bbox 1395 247 1678 313; x_wconf 87' lang='grc' dir='ltr'><strong><em>κωμάσων.</em></strong></span> <span class='ocrx_word' id='word_1_11' title='bbox 1743 243 1913 311; x_wconf 84' lang='grc' dir='ltr'><strong><em>αὖθις</em></strong></span> 
     </span>
     <span class='ocr_line' id='line_1_3' title="bbox 217 332 1902 404; baseline 0.002 -19"><span class='ocrx_word' id='word_1_12' title='bbox 217 332 498 402; x_wconf 84' lang='grc' dir='ltr'><strong><em>ἐπικρούει</em></strong></span> <span class='ocrx_word' id='word_1_13' title='bbox 546 335 865 402; x_wconf 78' lang='grc' dir='ltr'><strong><em>Σωκράτην.</em></strong></span> <span class='ocrx_word' id='word_1_14' title='bbox 920 336 1056 401; x_wconf 89' lang='grc' dir='ltr'><strong><em>πρὸς</em></strong></span> <span class='ocrx_word' id='word_1_15' title='bbox 1107 336 1358 388; x_wconf 80' lang='grc' dir='ltr'><strong><em>Καλλίαν</em></strong></span> <span class='ocrx_word' id='word_1_16' title='bbox 1413 335 1723 404; x_wconf 87' lang='grc' dir='ltr'><strong><em>ἀφικνεῖται</em></strong></span> <span class='ocrx_word' id='word_1_17' title='bbox 1778 334 1902 404; x_wconf 90' lang='grc' dir='ltr'><strong><em>μεθ’</em></strong></span> 
     </span>
     <span class='ocr_line' id='line_1_4' title="bbox 210 419 1910 493; baseline 0.002 -19"><span class='ocrx_word' id='word_1_18' title='bbox 210 419 540 475; x_wconf 90' lang='grc' dir='ltr'><strong><em>Ἱππονίκου.</em></strong></span> <span class='ocrx_word' id='word_1_19' title='bbox 588 424 785 489; x_wconf 78' lang='grc' dir='ltr'><em>μεθύει</em></span> <span class='ocrx_word' id='word_1_20' title='bbox 831 423 1011 477; x_wconf 90' lang='grc' dir='ltr'><strong><em>πάλιν.</em></strong></span> <span class='ocrx_word' id='word_1_21' title='bbox 1082 424 1171 476; x_wconf 73' lang='grc'><strong><em>42.</em></strong></span> <span class='ocrx_word' id='word_1_22' title='bbox 1217 424 1319 491; x_wconf 86' lang='grc' dir='ltr'><strong><em>τὴν</em></strong></span> <span class='ocrx_word' id='word_1_23' title='bbox 1366 425 1542 493; x_wconf 85' lang='grc' dir='ltr'><strong><em>φύσιν</em></strong></span> <span class='ocrx_word' id='word_1_24' title='bbox 1589 422 1639 477; x_wconf 87' lang='grc' dir='ltr'><strong><em>δ’</em></strong></span> <span class='ocrx_word' id='word_1_25' title='bbox 1693 423 1910 477; x_wconf 84' lang='grc' dir='ltr'><em>οὐδέπω</em></span> 
     </span>
     <span class='ocr_line' id='line_1_5' title="bbox 215 508 1911 581; baseline 0.002 -18"><span class='ocrx_word' id='word_1_26' title='bbox 215 508 306 563; x_wconf 83' lang='grc' dir='ltr'><strong><em>καὶ</em></strong></span> <span class='ocrx_word' id='word_1_27' title='bbox 344 514 583 581; x_wconf 81' lang='grc' dir='ltr'><strong><em>τήμερον</em></strong></span> <span class='ocrx_word' id='word_1_28' title='bbox 622 513 863 578; x_wconf 88' lang='grc' dir='ltr'><strong><em>δύναμαι</em></strong></span> <span class='ocrx_word' id='word_1_29' title='bbox 900 513 1147 566; x_wconf 75' lang='grc' dir='ltr'><strong><em>κατιδεῖν</em></strong></span> <span class='ocrx_word' id='word_1_30' title='bbox 1183 522 1295 566; x_wconf 92' lang='grc' dir='ltr'><strong><em>τῶν</em></strong></span> <span class='ocrx_word' id='word_1_31' title='bbox 1325 514 1600 566; x_wconf 82' lang='grc' dir='ltr'><strong><em>παιδικῶν</em></strong></span> <span class='ocrx_word' id='word_1_32' title='bbox 1639 509 1771 566; x_wconf 75' lang='grc' dir='ltr'><strong><em>οὐδὲ</em></strong></span> <span class='ocrx_word' id='word_1_33' title='bbox 1809 514 1911 567; x_wconf 93' lang='grc' dir='ltr'><strong><em>τὸν</em></strong></span> 
     </span>
     <span class='ocr_line' id='line_1_6' title="bbox 171 597 1908 670; baseline -0.001 -15"><span class='ocrx_word' id='word_1_34' title='bbox 171 622 190 655; x_wconf 84' lang='lat'>5</span> <span class='ocrx_word' id='word_1_35' title='bbox 215 601 438 666; x_wconf 88' lang='grc' dir='ltr'><strong><em>τρόπον.</em></strong></span> <span class='ocrx_word' id='word_1_36' title='bbox 477 597 682 653; x_wconf 79' lang='grc' dir='ltr'><strong><em>ἐπαινῶ</em></strong></span> <span class='ocrx_word' id='word_1_37' title='bbox 723 602 783 653; x_wconf 94' lang='grc' dir='ltr'><strong><em>τὸ</em></strong></span> <span class='ocrx_word' id='word_1_38' title='bbox 823 601 1023 663; x_wconf 86' lang='grc' dir='ltr'><strong><em>κάλλος</em></strong></span> <span class='ocrx_word' id='word_1_39' title='bbox 1062 600 1153 654; x_wconf 85' lang='grc' dir='ltr'><strong><em>καὶ</em></strong></span> <span class='ocrx_word' id='word_1_40' title='bbox 1192 601 1456 670; x_wconf 79' lang='grc' dir='ltr'><strong><em>θαυμάζω</em></strong></span> <span class='ocrx_word' id='word_1_41' title='bbox 1503 603 1605 670; x_wconf 87' lang='grc' dir='ltr'><strong><em>τὴν</em></strong></span> <span class='ocrx_word' id='word_1_42' title='bbox 1651 602 1827 670; x_wconf 82' lang='grc' dir='ltr'><strong><em>ὥραν,</em></strong></span> <span class='ocrx_word' id='word_1_43' title='bbox 1878 601 1908 654; x_wconf 89' lang='grc' dir='ltr'>ὁ</span> 
     </span>
     <span class='ocr_line' id='line_1_7' title="bbox 215 687 1904 759; baseline 0.001 -19"><span class='ocrx_word' id='word_1_44' title='bbox 215 687 278 740; x_wconf 83' lang='grc' dir='ltr'><strong><em>δὲ</em></strong></span> <span class='ocrx_word' id='word_1_45' title='bbox 315 687 561 759; x_wconf 79' lang='grc' dir='ltr'><strong><em>ὑπερορᾷ</em></strong></span> <span class='ocrx_word' id='word_1_46' title='bbox 597 687 687 742; x_wconf 86' lang='grc' dir='ltr'><strong><em>καὶ</em></strong></span> <span class='ocrx_word' id='word_1_47' title='bbox 726 699 1065 758; x_wconf 85' lang='grc' dir='ltr'><strong><em>καταφρονεῖ</em></strong></span> <span class='ocrx_word' id='word_1_48' title='bbox 1109 699 1221 743; x_wconf 91' lang='grc' dir='ltr'><strong><em>τῶν</em></strong></span> <span class='ocrx_word' id='word_1_49' title='bbox 1260 690 1545 759; x_wconf 82' lang='grc' dir='ltr'><strong><em>ἐγκωμίων</em></strong></span> <span class='ocrx_word' id='word_1_50' title='bbox 1594 700 1705 743; x_wconf 90' lang='grc' dir='ltr'><strong><em>τῶν</em></strong></span> <span class='ocrx_word' id='word_1_51' title='bbox 1745 690 1904 758; x_wconf 89' lang='grc' dir='ltr'><strong><em>ε’μῶν.</em></strong></span> 
     </span>
     <span class='ocr_line' id='line_1_8' title="bbox 213 776 1907 848; baseline 0.002 -20"><span class='ocrx_word' id='word_1_52' title='bbox 213 777 315 844; x_wconf 88' lang='grc' dir='ltr'><strong><em>τὴν</em></strong></span> <span class='ocrx_word' id='word_1_53' title='bbox 347 776 601 848; x_wconf 79' lang='grc' dir='ltr'><strong><em>ἀνδρίαν,</em></strong></span> <span class='ocrx_word' id='word_1_54' title='bbox 633 780 763 840; x_wconf 87' lang='grc' dir='ltr'><strong><em>τοὺς</em></strong></span> <span class='ocrx_word' id='word_1_55' title='bbox 795 780 997 847; x_wconf 86' lang='grc' dir='ltr'><strong><em>λόγους</em></strong></span> <span class='ocrx_word' id='word_1_56' title='bbox 1029 778 1408 847; x_wconf 84' lang='grc' dir='ltr'><strong><em>ε’κπλήττομαι,</em></strong></span> <span class='ocrx_word' id='word_1_57' title='bbox 1441 778 1470 832; x_wconf 92' lang='grc' dir='ltr'>ὁ</span> <span class='ocrx_word' id='word_1_58' title='bbox 1505 776 1565 831; x_wconf 73' lang='grc' dir='ltr'><strong><em>δὲ</em></strong></span> <span class='ocrx_word' id='word_1_59' title='bbox 1597 779 1907 847; x_wconf 82' lang='grc' dir='ltr'><strong><em>ὑπενόησεν</em></strong></span> 
     </span>
     <span class='ocr_line' id='line_1_9' title="bbox 214 866 1908 936; baseline 0.002 -19"><span class='ocrx_word' id='word_1_60' title='bbox 214 867 613 934; x_wconf 86' lang='grc' dir='ltr'><strong><em>είρωνεύεσθαί</em></strong></span> <span class='ocrx_word' id='word_1_61' title='bbox 648 887 727 933; x_wconf 90' lang='grc' dir='ltr'><strong><em>με.</em></strong></span> <span class='ocrx_word' id='word_1_62' title='bbox 768 869 868 936; x_wconf 82' lang='grc' dir='ltr'><strong><em>τὴν</em></strong></span> <span class='ocrx_word' id='word_1_63' title='bbox 906 867 1144 936; x_wconf 79' lang='grc' dir='ltr'><strong><em>ἡσυχίαν</em></strong></span> <span class='ocrx_word' id='word_1_64' title='bbox 1182 869 1297 936; x_wconf 79' lang='grc' dir='ltr'><strong><em>ἄγω</em></strong></span> <span class='ocrx_word' id='word_1_65' title='bbox 1338 866 1548 920; x_wconf 92' lang='grc' dir='ltr'><strong><em>στένων</em></strong></span> <span class='ocrx_word' id='word_1_66' title='bbox 1585 866 1701 920; x_wconf 87' lang='grc' dir='ltr'><strong><em>κατ’</em></strong></span> <span class='ocrx_word' id='word_1_67' title='bbox 1749 867 1908 936; x_wconf 91' lang='grc' dir='ltr'><strong><em>ε’μαυ-</em></strong></span> 
     </span>
     <span class='ocr_line' id='line_1_10' title="bbox 212 953 1907 1028; baseline 0.002 -22"><span class='ocrx_word' id='word_1_68' title='bbox 212 956 336 1021; x_wconf 91' lang='grc' dir='ltr'><strong><em>τόν,</em></strong></span> <span class='ocrx_word' id='word_1_69' title='bbox 377 954 405 1008; x_wconf 89' lang='grc' dir='ltr'>ὁ</span> <span class='ocrx_word' id='word_1_70' title='bbox 454 953 515 1007; x_wconf 76' lang='grc' dir='ltr'><strong><em>δὲ</em></strong></span> <span class='ocrx_word' id='word_1_71' title='bbox 562 957 797 1024; x_wconf 80' lang='grc' dir='ltr'><strong><em>ἄχθεταί</em></strong></span> <span class='ocrx_word' id='word_1_72' title='bbox 839 977 946 1025; x_wconf 91' lang='grc' dir='ltr'><strong><em>μου</em></strong></span> <span class='ocrx_word' id='word_1_73' title='bbox 994 965 1058 1026; x_wconf 75' lang='grc' dir='ltr'><strong><em>τῇ</em></strong></span> <span class='ocrx_word' id='word_1_74' title='bbox 1106 965 1297 1026; x_wconf 76' lang='grc' dir='ltr'><strong><em>σιωπῇ.</em></strong></span> <span class='ocrx_word' id='word_1_75' title='bbox 1349 962 1425 1027; x_wconf 76' lang='grc' dir='ltr'><strong><em>τῷ</em></strong></span> <span class='ocrx_word' id='word_1_76' title='bbox 1472 959 1656 1028; x_wconf 80' lang='grc' dir='ltr'><strong><em>τρόπω</em></strong></span> <span class='ocrx_word' id='word_1_77' title='bbox 1696 965 1907 1025; x_wconf 84' lang='grc' dir='ltr'><strong><em>χρῶμαι</em></strong></span> 
     </span>
     <span class='ocr_line' id='line_1_11' title="bbox 148 1041 1907 1115; baseline 0.001 -20"><span class='ocrx_word' id='word_1_78' title='bbox 148 1068 191 1100; x_wconf 79' lang='lat'><strong><em>10</em></strong></span> <span class='ocrx_word' id='word_1_79' title='bbox 213 1041 304 1095; x_wconf 86' lang='grc' dir='ltr'><strong><em>καὶ</em></strong></span> <span class='ocrx_word' id='word_1_80' title='bbox 342 1046 442 1096; x_wconf 93' lang='grc' dir='ltr'><strong><em>τὸν</em></strong></span> <span class='ocrx_word' id='word_1_81' title='bbox 472 1045 874 1112; x_wconf 80' lang='grc' dir='ltr'><strong><em>μισάνθρωπον</em></strong></span> <span class='ocrx_word' id='word_1_82' title='bbox 906 1046 1277 1113; x_wconf 85' lang='grc' dir='ltr'><strong><em>ὑποκρίνομαι</em></strong></span> <span class='ocrx_word' id='word_1_83' title='bbox 1308 1043 1398 1098; x_wconf 88' lang='grc' dir='ltr'><strong><em>καὶ</em></strong></span> <span class='ocrx_word' id='word_1_84' title='bbox 1430 1046 1705 1115; x_wconf 85' lang='grc' dir='ltr'><strong><em>λοιδορῶν</em></strong></span> <span class='ocrx_word' id='word_1_85' title='bbox 1736 1045 1907 1098; x_wconf 87' lang='grc' dir='ltr'><strong><em>αὐτὸν</em></strong></span> 
     </span>
     <span class='ocr_line' id='line_1_12' title="bbox 214 1132 1906 1202; baseline 0.001 -18"><span class='ocrx_word' id='word_1_86' title='bbox 214 1133 638 1201; x_wconf 86' lang='grc' dir='ltr'><strong><em>διαρρήγνυμαι,</em></strong></span> <span class='ocrx_word' id='word_1_87' title='bbox 677 1133 706 1187; x_wconf 89' lang='grc' dir='ltr'>ὁ</span> <span class='ocrx_word' id='word_1_88' title='bbox 748 1132 796 1186; x_wconf 91' lang='grc' dir='ltr'><strong><em>δ’</em></strong></span> <span class='ocrx_word' id='word_1_89' title='bbox 841 1133 1085 1187; x_wconf 82' lang='grc' dir='ltr'><strong><em>ἐνταῦθα</em></strong></span> <span class='ocrx_word' id='word_1_90' title='bbox 1124 1133 1360 1202; x_wconf 78' lang='grc' dir='ltr'><strong><em>ἐγέλασε.</em></strong></span> <span class='ocrx_word' id='word_1_91' title='bbox 1401 1135 1570 1187; x_wconf 89' lang='grc' dir='ltr'><strong><em>πάλιν</em></strong></span> <span class='ocrx_word' id='word_1_92' title='bbox 1608 1134 1805 1202; x_wconf 91' lang='grc' dir='ltr'><strong><em>σεμνὸς</em></strong></span> <span class='ocrx_word' id='word_1_93' title='bbox 1844 1132 1906 1186; x_wconf 82' lang='grc' dir='ltr'><strong><em>ἐν</em></strong></span> 
     </span>
     <span class='ocr_line' id='line_1_13' title="bbox 212 1221 1906 1294; baseline 0.001 -21"><span class='ocrx_word' id='word_1_94' title='bbox 212 1225 431 1294; x_wconf 80' lang='grc' dir='ltr'><strong><em>Λυκείῳ</em></strong></span> <span class='ocrx_word' id='word_1_95' title='bbox 471 1226 726 1291; x_wconf 84' lang='grc' dir='ltr'><strong><em>φαίνεται</em></strong></span> <span class='ocrx_word' id='word_1_96' title='bbox 758 1221 848 1276; x_wconf 84' lang='grc' dir='ltr'><strong><em>καὶ</em></strong></span> <span class='ocrx_word' id='word_1_97' title='bbox 882 1226 1259 1293; x_wconf 79' lang='grc' dir='ltr'><strong><em>Πρωταγόρου</em></strong></span> <span class='ocrx_word' id='word_1_98' title='bbox 1290 1228 1501 1290; x_wconf 81' lang='grc' dir='ltr'><strong><em>μᾶλλον</em></strong></span> <span class='ocrx_word' id='word_1_99' title='bbox 1539 1221 1631 1276; x_wconf 86' lang='grc' dir='ltr'><strong><em>καὶ</em></strong></span> <span class='ocrx_word' id='word_1_100' title='bbox 1665 1225 1906 1292; x_wconf 88' lang='grc' dir='ltr'><strong><em>Γοργίου</em></strong></span> 
     </span>
     <span class='ocr_line' id='line_1_14' title="bbox 212 1310 1904 1382; baseline 0 -19"><span class='ocrx_word' id='word_1_101' title='bbox 212 1312 308 1373; x_wconf 83' lang='grc' dir='ltr'><strong><em>τὰς</em></strong></span> <span class='ocrx_word' id='word_1_102' title='bbox 362 1310 541 1381; x_wconf 85' lang='grc' dir='ltr'><strong><em>ὀφρῦς</em></strong></span> <span class='ocrx_word' id='word_1_103' title='bbox 599 1311 943 1380; x_wconf 86' lang='grc' dir='ltr'><strong><em>ἀνεσπακώς,</em></strong></span> <span class='ocrx_word' id='word_1_104' title='bbox 1006 1312 1259 1382; x_wconf 79' lang='grc' dir='ltr'><strong><em>αὐθάδης</em></strong></span> <span class='ocrx_word' id='word_1_105' title='bbox 1320 1311 1381 1364; x_wconf 87' lang='grc' dir='ltr'><strong><em>ἐν</em></strong></span> <span class='ocrx_word' id='word_1_106' title='bbox 1444 1312 1753 1380; x_wconf 82' lang='grc' dir='ltr'><strong><em>ἐκκλησίαις</em></strong></span> <span class='ocrx_word' id='word_1_107' title='bbox 1813 1311 1904 1364; x_wconf 80' lang='grc' dir='ltr'><strong><em>καὶ</em></strong></span> 
     </span>
     <span class='ocr_line' id='line_1_15' title="bbox 213 1399 1905 1471; baseline 0.001 -20"><span class='ocrx_word' id='word_1_108' title='bbox 213 1400 522 1467; x_wconf 87' lang='grc' dir='ltr'><strong><em>δημηγόρος</em></strong></span> <span class='ocrx_word' id='word_1_109' title='bbox 560 1400 699 1471; x_wconf 79' lang='grc' dir='ltr'><strong><em>ὑπὲρ</em></strong></span> <span class='ocrx_word' id='word_1_110' title='bbox 738 1402 838 1455; x_wconf 91' lang='grc' dir='ltr'><strong><em>τὸν</em></strong></span> <span class='ocrx_word' id='word_1_111' title='bbox 869 1399 1183 1470; x_wconf 85' lang='grc' dir='ltr'><strong><em>Ὀλύμπιον,</em></strong></span> <span class='ocrx_word' id='word_1_112' title='bbox 1233 1404 1438 1470; x_wconf 89' lang='grc' dir='ltr'><strong><em>πόρνος</em></strong></span> <span class='ocrx_word' id='word_1_113' title='bbox 1478 1399 1538 1454; x_wconf 85' lang='grc' dir='ltr'><strong><em>ἐν</em></strong></span> <span class='ocrx_word' id='word_1_114' title='bbox 1577 1403 1905 1469; x_wconf 84' lang='grc' dir='ltr'><strong><em>συμποσίοις</em></strong></span> 
     </span>
     <span class='ocr_line' id='line_1_16' title="bbox 147 1487 1902 1559; baseline -0.002 -15"><span class='ocrx_word' id='word_1_115' title='bbox 147 1512 186 1544; x_wconf 85' lang='lat'>15</span> <span class='ocrx_word' id='word_1_116' title='bbox 210 1489 301 1540; x_wconf 87' lang='grc' dir='ltr'><strong><em>καὶ</em></strong></span> <span class='ocrx_word' id='word_1_117' title='bbox 355 1490 629 1558; x_wconf 85' lang='grc' dir='ltr'><strong><em>κατεαγὼς</em></strong></span> <span class='ocrx_word' id='word_1_118' title='bbox 683 1489 743 1543; x_wconf 83' lang='grc' dir='ltr'><strong><em>ἐν</em></strong></span> <span class='ocrx_word' id='word_1_119' title='bbox 796 1500 913 1552; x_wconf 79' lang='grc' dir='ltr'><strong><em>ταῖς</em></strong></span> <span class='ocrx_word' id='word_1_120' title='bbox 966 1490 1188 1558; x_wconf 78' lang='grc' dir='ltr'><strong><em>μέθαις,</em></strong></span> <span class='ocrx_word' id='word_1_121' title='bbox 1254 1490 1597 1559; x_wconf 79' lang='grc' dir='ltr'><strong><em>ἀνδρόγυνος</em></strong></span> <span class='ocrx_word' id='word_1_122' title='bbox 1658 1487 1747 1542; x_wconf 83' lang='grc' dir='ltr'><strong><em>ἐπὶ</em></strong></span> <span class='ocrx_word' id='word_1_123' title='bbox 1807 1497 1902 1557; x_wconf 79' lang='grc' dir='ltr'><strong><em>τῆς</em></strong></span> 
     </span>
     <span class='ocr_line' id='line_1_17' title="bbox 213 1576 1903 1649; baseline 0 -19"><span class='ocrx_word' id='word_1_124' title='bbox 213 1576 459 1646; x_wconf 80' lang='grc' dir='ltr'><strong><em>ἑσπέρας,</em></strong></span> <span class='ocrx_word' id='word_1_125' title='bbox 490 1578 629 1649; x_wconf 81' lang='grc' dir='ltr'><strong><em>ὑπὲρ</em></strong></span> <span class='ocrx_word' id='word_1_126' title='bbox 661 1580 759 1631; x_wconf 92' lang='grc' dir='ltr'><strong><em>τὸν</em></strong></span> <span class='ocrx_word' id='word_1_127' title='bbox 791 1578 1023 1647; x_wconf 82' lang='grc' dir='ltr'><strong><em>Πρωτέα</em></strong></span> <span class='ocrx_word' id='word_1_128' title='bbox 1056 1579 1157 1647; x_wconf 82' lang='grc' dir='ltr'><strong><em>τὴν</em></strong></span> <span class='ocrx_word' id='word_1_129' title='bbox 1190 1580 1364 1647; x_wconf 86' lang='grc' dir='ltr'><strong><em>φύσιν</em></strong></span> <span class='ocrx_word' id='word_1_130' title='bbox 1397 1579 1652 1647; x_wconf 89' lang='grc' dir='ltr'><strong><em>ἀμείβων.</em></strong></span> <span class='ocrx_word' id='word_1_131' title='bbox 1699 1577 1787 1630; x_wconf 82' lang='lat'><strong><em>43.</em></strong></span> <span class='ocrx_word' id='word_1_132' title='bbox 1821 1581 1903 1640; x_wconf 86' lang='grc' dir='ltr'><strong><em>τίς</em></strong></span> 
     </span>
     <span class='ocr_line' id='line_1_18' title="bbox 213 1666 1902 1736; baseline -0.001 -17"><span class='ocrx_word' id='word_1_133' title='bbox 213 1667 279 1734; x_wconf 85' lang='grc' dir='ltr'><strong><em>δὴ</em></strong></span> <span class='ocrx_word' id='word_1_134' title='bbox 320 1666 559 1736; x_wconf 90' lang='grc' dir='ltr'><strong><em>γένωμαι</em></strong></span> <span class='ocrx_word' id='word_1_135' title='bbox 599 1666 632 1735; x_wconf 68' lang='grc' dir='ltr'><strong><em>’ἢ</em></strong></span> <span class='ocrx_word' id='word_1_136' title='bbox 671 1670 796 1720; x_wconf 91' lang='grc' dir='ltr'><strong><em>τίνα</em></strong></span> <span class='ocrx_word' id='word_1_137' title='bbox 836 1667 986 1736; x_wconf 41' lang='grc' dir='ltr'><strong><em>εὕρω,</em></strong></span> <span class='ocrx_word' id='word_1_138' title='bbox 1030 1677 1143 1721; x_wconf 88' lang='grc' dir='ltr'><strong><em>τῶν</em></strong></span> <span class='ocrx_word' id='word_1_139' title='bbox 1181 1677 1366 1720; x_wconf 87' lang='grc' dir='ltr'><strong><em>κακῶν</em></strong></span> <span class='ocrx_word' id='word_1_140' title='bbox 1403 1669 1733 1736; x_wconf 82' lang='grc' dir='ltr'><strong><em>μεταβολήν;</em></strong></span> <span class='ocrx_word' id='word_1_141' title='bbox 1774 1667 1902 1734; x_wconf 84' lang='grc' dir='ltr'><strong><em>φεύ-</em></strong></span> 
     </span>
     <span class='ocr_line' id='line_1_19' title="bbox 211 1754 1903 1826; baseline 0 -19"><span class='ocrx_word' id='word_1_142' title='bbox 211 1755 383 1822; x_wconf 86' lang='grc' dir='ltr'><strong><em>γοντά</em></strong></span> <span class='ocrx_word' id='word_1_143' title='bbox 421 1775 487 1825; x_wconf 89' lang='grc' dir='ltr'><strong><em>με</em></strong></span> <span class='ocrx_word' id='word_1_144' title='bbox 525 1758 621 1818; x_wconf 81' lang='grc' dir='ltr'><strong><em>τὰς</em></strong></span> <span class='ocrx_word' id='word_1_145' title='bbox 660 1754 859 1809; x_wconf 83' lang='grc' dir='ltr'><strong><em>ἑαυτοῦ</em></strong></span> <span class='ocrx_word' id='word_1_146' title='bbox 894 1757 1179 1826; x_wconf 86' lang='grc' dir='ltr'><strong><em>διατριβὰς</em></strong></span> <span class='ocrx_word' id='word_1_147' title='bbox 1209 1757 1547 1826; x_wconf 85' lang='grc' dir='ltr'><strong><em>μεταδιώκει,</em></strong></span> <span class='ocrx_word' id='word_1_148' title='bbox 1587 1755 1903 1824; x_wconf 84' lang='grc' dir='ltr'><strong><em>ἐγκείμενον</em></strong></span> 
     </span>
    </p>
   </div>
   <div class='ocr_carea' id='block_1_3' title="bbox 393 1875 548 1880">
    <p class='ocr_par' dir='ltr' id='par_1_3' title="bbox 393 1875 548 1880">
     <span class='ocr_line' id='line_1_20' title="bbox 393 1875 548 1880; baseline 0 0"><span class='ocrx_word' id='word_1_149' title='bbox 393 1875 548 1880; x_wconf 95' lang='lat' dir='ltr'><strong><em> </em></strong></span> 
     </span>
    </p>
   </div>
   <div class='ocr_carea' id='block_1_4' title="bbox 331 1930 1899 2046">
    <p class='ocr_par' dir='ltr' id='par_1_4' title="bbox 331 1930 1899 2046">
     <span class='ocr_line' id='line_1_21' title="bbox 331 1930 1899 1988; baseline 0.001 -15"><span class='ocrx_word' id='word_1_150' title='bbox 331 1936 353 1973; x_wconf 99' lang='grc'><strong><em>1</em></strong></span> <span class='ocrx_word' id='word_1_151' title='bbox 395 1930 453 1974; x_wconf 84' lang='lat' dir='ltr'><strong><em>ef.</em></strong></span> <span class='ocrx_word' id='word_1_152' title='bbox 486 1946 530 1987; x_wconf 90' lang='lat' dir='ltr'><strong><em>p.</em></strong></span> <span class='ocrx_word' id='word_1_153' title='bbox 558 1936 657 1985; x_wconf 83' lang='lat'>546,</span> <span class='ocrx_word' id='word_1_154' title='bbox 677 1936 745 1976; x_wconf 88' lang='lat'>14.</span> <span class='ocrx_word' id='word_1_155' title='bbox 793 1931 911 1976; x_wconf 74' lang='lat' dir='ltr'>Plat.</span> <span class='ocrx_word' id='word_1_156' title='bbox 950 1945 1077 1975; x_wconf 81' lang='lat' dir='ltr'>conv.</span> <span class='ocrx_word' id='word_1_157' title='bbox 1117 1947 1162 1988; x_wconf 90' lang='lat' dir='ltr'><strong><em>p.</em></strong></span> <span class='ocrx_word' id='word_1_158' title='bbox 1190 1936 1274 1975; x_wconf 82' lang='lat'>212</span> <span class='ocrx_word' id='word_1_159' title='bbox 1294 1931 1326 1975; x_wconf 83' lang='lat' dir='ltr'>C</span> <span class='ocrx_word' id='word_1_160' title='bbox 1474 1937 1524 1974; x_wconf 91' lang='lat'>11</span> <span class='ocrx_word' id='word_1_161' title='bbox 1568 1930 1623 1974; x_wconf 84' lang='lat' dir='ltr'><strong><em>ef.</em></strong></span> <span class='ocrx_word' id='word_1_162' title='bbox 1653 1946 1697 1986; x_wconf 91' lang='lat' dir='ltr'><strong><em>p.</em></strong></span> <span class='ocrx_word' id='word_1_163' title='bbox 1724 1935 1825 1986; x_wconf 82' lang='lat'>547,</span> <span class='ocrx_word' id='word_1_164' title='bbox 1846 1936 1899 1975; x_wconf 87' lang='lat'>13</span> 
     </span>
     <span class='ocr_line' id='line_1_22' title="bbox 332 1990 1009 2046; baseline 0.001 -13"><span class='ocrx_word' id='word_1_165' title='bbox 332 1995 387 2033; x_wconf 85' lang='lat'>16</span> <span class='ocrx_word' id='word_1_166' title='bbox 420 1990 476 2034; x_wconf 88' lang='lat' dir='ltr'><strong><em>cf.</em></strong></span> <span class='ocrx_word' id='word_1_167' title='bbox 501 1993 534 2034; x_wconf 67' lang='lat' dir='ltr'><strong><em>t.</em></strong></span> <span class='ocrx_word' id='word_1_168' title='bbox 563 1990 601 2033; x_wconf 88' lang='lat' dir='ltr'><strong><em>II</em></strong></span> <span class='ocrx_word' id='word_1_169' title='bbox 633 1996 705 2043; x_wconf 84' lang='lat'>41,</span> <span class='ocrx_word' id='word_1_170' title='bbox 725 1996 802 2044; x_wconf 76' lang='lat'><strong><em>143</em></strong></span> <span class='ocrx_word' id='word_1_171' title='bbox 836 1996 936 2046; x_wconf 84' lang='lat'>312,</span> <span class='ocrx_word' id='word_1_172' title='bbox 956 1996 1009 2034; x_wconf 90' lang='lat'><strong><em>18</em></strong></span> 
     </span>
    </p>
   </div>
   <div class='ocr_carea' id='block_1_5' title="bbox 208 2152 1900 2978">
    <p class='ocr_par' dir='ltr' id='par_1_5' title="bbox 211 2152 1900 2402">
     <span class='ocr_line' id='line_1_23' title="bbox 332 2152 1900 2211; baseline -0.001 -15"><span class='ocrx_word' id='word_1_173' title='bbox 332 2159 353 2196; x_wconf 96' lang='lat'>1</span> <span class='ocrx_word' id='word_1_174' title='bbox 389 2153 648 2211; x_wconf 83' lang='grc' dir='ltr'><strong><em>εἰσέρχομαι</em></strong></span> <span class='ocrx_word' id='word_1_175' title='bbox 673 2155 731 2198; x_wconf 90' lang='lat' dir='ltr'><em>H</em></span> <span class='ocrx_word' id='word_1_176' title='bbox 801 2154 1033 2210; x_wconf 73' lang='lat' dir='ltr'>scriptura.</span> <span class='ocrx_word' id='word_1_177' title='bbox 1068 2154 1116 2196; x_wconf 90' lang='lat' dir='ltr'><strong><em>in</em></strong></span> <span class='ocrx_word' id='word_1_178' title='bbox 1144 2154 1203 2199; x_wconf 77' lang='lat' dir='ltr'><strong><em>Cr</em></strong></span> <span class='ocrx_word' id='word_1_179' title='bbox 1240 2168 1405 2209; x_wconf 81' lang='lat' dir='ltr'>parum</span> <span class='ocrx_word' id='word_1_180' title='bbox 1446 2155 1573 2196; x_wconf 70' lang='lat' dir='ltr'>certa</span> <span class='ocrx_word' id='word_1_181' title='bbox 1622 2155 1627 2209; x_wconf 85' lang='grc' dir='ltr'>Ι</span> <span class='ocrx_word' id='word_1_182' title='bbox 1677 2152 1900 2208; x_wconf 84' lang='grc' dir='ltr'><strong><em>κωμάζων</em></strong></span> 
     </span>
     <span class='ocr_line' id='line_1_24' title="bbox 211 2211 1900 2268; baseline -0.001 -13"><span class='ocrx_word' id='word_1_183' title='bbox 211 2211 368 2255; x_wconf 79' lang='lat' dir='ltr'>Gasda</span> <span class='ocrx_word' id='word_1_184' title='bbox 498 2219 522 2256; x_wconf 82' lang='lat'><strong>2</strong></span> <span class='ocrx_word' id='word_1_185' title='bbox 557 2212 766 2268; x_wconf 86' lang='grc' dir='ltr'><strong><em>σωκράτη</em></strong></span> <span class='ocrx_word' id='word_1_186' title='bbox 794 2214 839 2257; x_wconf 98' lang='grc' dir='ltr'><strong><em>Β</em></strong></span> <span class='ocrx_word' id='word_1_187' title='bbox 972 2217 997 2254; x_wconf 87' lang='grc'>4</span> <span class='ocrx_word' id='word_1_188' title='bbox 1030 2216 1237 2257; x_wconf 83' lang='grc' dir='ltr'><strong><em>κατιδεῖν</em></strong></span> <span class='ocrx_word' id='word_1_189' title='bbox 1269 2219 1360 2255; x_wconf 92' lang='grc' dir='ltr'><strong><em>τῶν</em></strong></span> <span class='ocrx_word' id='word_1_190' title='bbox 1391 2215 1623 2256; x_wconf 76' lang='grc' dir='ltr'><strong><em>παιδικῶν</em></strong></span> <span class='ocrx_word' id='word_1_191' title='bbox 1655 2211 1842 2267; x_wconf 83' lang='lat' dir='ltr'>reposui</span> <span class='ocrx_word' id='word_1_192' title='bbox 1873 2224 1900 2255; x_wconf 82' lang='grc' dir='ltr'>θ</span> 
     </span>
     <span class='ocr_line' id='line_1_25' title="bbox 213 2272 1899 2317; baseline -0.002 -1"><span class='ocrx_word' id='word_1_193' title='bbox 213 2272 605 2317; x_wconf 76' lang='lat' dir='ltr'><em>OrHDVaMocl</em></span> <span class='ocrx_word' id='word_1_194' title='bbox 665 2273 867 2317; x_wconf 80' lang='grc' dir='ltr'><strong><em>κατιδὼν</em></strong></span> <span class='ocrx_word' id='word_1_195' title='bbox 898 2279 990 2315; x_wconf 87' lang='grc' dir='ltr'><strong><em>τῶν</em></strong></span> <span class='ocrx_word' id='word_1_196' title='bbox 1021 2274 1255 2315; x_wconf 87' lang='grc' dir='ltr'><strong><em>παιδικῶν</em></strong></span> <span class='ocrx_word' id='word_1_197' title='bbox 1281 2273 1325 2315; x_wconf 89' lang='grc' dir='ltr'><strong><em>Β</em></strong></span> <span class='ocrx_word' id='word_1_198' title='bbox 1386 2279 1476 2315; x_wconf 89' lang='grc' dir='ltr'><strong><em>τῶν</em></strong></span> <span class='ocrx_word' id='word_1_199' title='bbox 1509 2272 1741 2314; x_wconf 87' lang='grc' dir='ltr'><strong><em>παιδικῶν</em></strong></span> <span class='ocrx_word' id='word_1_200' title='bbox 1772 2286 1899 2314; x_wconf 85' lang='grc' dir='ltr'><strong><em>κατι-</em></strong></span> 
     </span>
     <span class='ocr_line' id='line_1_26' title="bbox 211 2329 1899 2402; baseline -0.001 -28"><span class='ocrx_word' id='word_1_201' title='bbox 211 2332 311 2374; x_wconf 83' lang='grc' dir='ltr'><strong><em>δεῖν</em></strong></span> <span class='ocrx_word' id='word_1_202' title='bbox 345 2331 460 2402; x_wconf 35' lang='lat' dir='ltr'><strong><em>edd!</em></strong></span> <span class='ocrx_word' id='word_1_203' title='bbox 488 2335 494 2387; x_wconf 88' lang='grc' dir='ltr'>Ι</span> <span class='ocrx_word' id='word_1_204' title='bbox 553 2332 661 2375; x_wconf 78' lang='grc' dir='ltr'><strong><em>οὐδὲ</em></strong></span> <span class='ocrx_word' id='word_1_205' title='bbox 692 2331 776 2375; x_wconf 89' lang='grc' dir='ltr'><strong><em>τὸν</em></strong></span> <span class='ocrx_word' id='word_1_206' title='bbox 807 2329 980 2385; x_wconf 84' lang='grc' dir='ltr'><strong><em>τρόπον</em></strong></span> <span class='ocrx_word' id='word_1_207' title='bbox 1006 2333 1094 2375; x_wconf 72' lang='lat' dir='ltr'><strong><em>Ma</em></strong></span> <span class='ocrx_word' id='word_1_208' title='bbox 1127 2331 1208 2374; x_wconf 85' lang='lat' dir='ltr'><strong><em>sed</em></strong></span> <span class='ocrx_word' id='word_1_209' title='bbox 1241 2329 1292 2375; x_wconf 79' lang='grc' dir='ltr'><strong><em>δὲ</em></strong></span> <span class='ocrx_word' id='word_1_210' title='bbox 1324 2331 1405 2374; x_wconf 88' lang='grc' dir='ltr'><strong><em>τὸν</em></strong></span> <span class='ocrx_word' id='word_1_211' title='bbox 1435 2329 1611 2385; x_wconf 86' lang='grc' dir='ltr'><strong><em>τρόπον</em></strong></span> <span class='ocrx_word' id='word_1_212' title='bbox 1642 2330 1691 2372; x_wconf 88' lang='lat' dir='ltr'><strong><em>in</em></strong></span> <span class='ocrx_word' id='word_1_213' title='bbox 1725 2343 1798 2373; x_wconf 80' lang='lat' dir='ltr'><strong><em>ras</em></strong></span> <span class='ocrx_word' id='word_1_214' title='bbox 1828 2329 1899 2372; x_wconf 80' lang='lat' dir='ltr'><strong><em>m³</em></strong></span> 
     </span>
    </p>

    <p class='ocr_par' dir='ltr' id='par_1_6' title="bbox 269 2406 554 2444">
     <span class='ocr_line' id='line_1_27' title="bbox 269 2406 554 2444; baseline 0.007 -12"><span class='ocrx_word' id='word_1_215' title='bbox 269 2406 350 2434; x_wconf 84' lang='grc' dir='ltr'><strong><em>τον</em></strong></span> <span class='ocrx_word' id='word_1_216' title='bbox 381 2406 554 2444; x_wconf 86' lang='grc' dir='ltr'><strong><em>τροπον</em></strong></span> 
     </span>
    </p>

    <p class='ocr_par' dir='ltr' id='par_1_7' title="bbox 210 2445 1899 2800">
     <span class='ocr_line' id='line_1_28' title="bbox 267 2445 1899 2506; baseline -0.001 -13"><span class='ocrx_word' id='word_1_217' title='bbox 267 2456 359 2493; x_wconf 87' lang='grc' dir='ltr'><strong><em>τῶν</em></strong></span> <span class='ocrx_word' id='word_1_218' title='bbox 391 2449 575 2505; x_wconf 85' lang='grc' dir='ltr'><strong><em>τρόπων</em></strong></span> <span class='ocrx_word' id='word_1_219' title='bbox 600 2450 648 2492; x_wconf 90' lang='lat' dir='ltr'><em>D</em></span> <span class='ocrx_word' id='word_1_220' title='bbox 771 2455 796 2492; x_wconf 80' lang='grc' dir='ltr'><em>ὃ</em></span> <span class='ocrx_word' id='word_1_221' title='bbox 831 2466 994 2493; x_wconf 87' lang='grc' dir='ltr'><strong><em>τουτου</em></strong></span> <span class='ocrx_word' id='word_1_222' title='bbox 1025 2451 1133 2492; x_wconf 71' lang='lat' dir='ltr'>ante</span> <span class='ocrx_word' id='word_1_223' title='bbox 1156 2449 1240 2506; x_wconf 88' lang='grc' dir='ltr'><strong><em>τὴν</em></strong></span> <span class='ocrx_word' id='word_1_224' title='bbox 1275 2451 1339 2494; x_wconf 78' lang='lat' dir='ltr'><strong><em>Va</em></strong></span> <span class='ocrx_word' id='word_1_225' title='bbox 1465 2453 1487 2491; x_wconf 83' lang='lat'><strong>7</strong></span> <span class='ocrx_word' id='word_1_226' title='bbox 1522 2445 1746 2502; x_wconf 83' lang='grc' dir='ltr'><strong><em>ἀνδρείαν</em></strong></span> <span class='ocrx_word' id='word_1_227' title='bbox 1769 2447 1899 2492; x_wconf 88' lang='lat' dir='ltr'><strong><em>DVa</em></strong></span> 
     </span>
     <span class='ocr_line' id='line_1_29' title="bbox 213 2506 1898 2565; baseline -0.002 -13"><span class='ocrx_word' id='word_1_228' title='bbox 213 2510 301 2552; x_wconf 88' lang='grc' dir='ltr'><strong><em>Μα</em></strong></span> <span class='ocrx_word' id='word_1_229' title='bbox 422 2513 447 2551; x_wconf 89' lang='grc'>8</span> <span class='ocrx_word' id='word_1_230' title='bbox 479 2511 706 2564; x_wconf 76' lang='lat' dir='ltr'><strong>punctum</strong></span> <span class='ocrx_word' id='word_1_231' title='bbox 737 2511 845 2564; x_wconf 76' lang='lat' dir='ltr'>post</span> <span class='ocrx_word' id='word_1_232' title='bbox 876 2525 929 2565; x_wconf 88' lang='grc' dir='ltr'><strong><em>με</em></strong></span> <span class='ocrx_word' id='word_1_233' title='bbox 961 2509 1095 2564; x_wconf 82' lang='lat' dir='ltr'>posui</span> <span class='ocrx_word' id='word_1_234' title='bbox 1124 2522 1179 2552; x_wconf 80' lang='lat' dir='ltr'><strong><em>ex</em></strong></span> <span class='ocrx_word' id='word_1_235' title='bbox 1205 2509 1306 2552; x_wconf 90' lang='lat' dir='ltr'><strong><em>HD</em></strong></span> <span class='ocrx_word' id='word_1_236' title='bbox 1369 2522 1444 2551; x_wconf 90' lang='lat' dir='ltr'><strong><em>om</em></strong></span> <span class='ocrx_word' id='word_1_237' title='bbox 1475 2507 1643 2562; x_wconf 81' lang='lat' dir='ltr'>reliqui</span> <span class='ocrx_word' id='word_1_238' title='bbox 1674 2506 1782 2550; x_wconf 90' lang='lat' dir='ltr'>libri</span> <span class='ocrx_word' id='word_1_239' title='bbox 1807 2506 1898 2549; x_wconf 87' lang='lat' dir='ltr'><strong><em>edd</em></strong></span> 
     </span>
     <span class='ocr_line' id='line_1_30' title="bbox 215 2566 1897 2639; baseline -0.001 -29"><span class='ocrx_word' id='word_1_240' title='bbox 215 2599 218 2622; x_wconf 88' lang='grc'><strong><em>,</em></strong></span> <span class='ocrx_word' id='word_1_241' title='bbox 254 2566 351 2624; x_wconf 80' lang='grc' dir='ltr'><strong><em>ἄγω</em></strong></span> <span class='ocrx_word' id='word_1_242' title='bbox 377 2594 432 2600; x_wconf 84' lang='grc'>-</span> <span class='ocrx_word' id='word_1_243' title='bbox 458 2573 482 2611; x_wconf 87' lang='grc'><strong>9</strong></span> <span class='ocrx_word' id='word_1_244' title='bbox 516 2575 665 2625; x_wconf 81' lang='grc' dir='ltr'><strong><em>σιωπῇ</em></strong></span> <span class='ocrx_word' id='word_1_245' title='bbox 705 2568 879 2611; x_wconf 78' lang='lat' dir='ltr'>inserui</span> <span class='ocrx_word' id='word_1_246' title='bbox 919 2582 974 2612; x_wconf 83' lang='lat' dir='ltr'><strong><em>ex</em></strong></span> <span class='ocrx_word' id='word_1_247' title='bbox 996 2568 1053 2610; x_wconf 92' lang='lat' dir='ltr'><em>H</em></span> <span class='ocrx_word' id='word_1_248' title='bbox 1124 2582 1199 2611; x_wconf 92' lang='lat' dir='ltr'><strong><em>om</em></strong></span> <span class='ocrx_word' id='word_1_249' title='bbox 1226 2568 1381 2611; x_wconf 75' lang='lat' dir='ltr'><strong><em>CrDB</em></strong></span> <span class='ocrx_word' id='word_1_250' title='bbox 1395 2567 1611 2639; x_wconf 52' lang='lat' dir='ltr'><strong><em>VaMaql</em></strong></span> <span class='ocrx_word' id='word_1_251' title='bbox 1648 2566 1738 2609; x_wconf 89' lang='lat' dir='ltr'><strong><em>edd</em></strong></span> <span class='ocrx_word' id='word_1_252' title='bbox 1814 2579 1897 2620; x_wconf 87' lang='lat' dir='ltr'><strong><em>pro</em></strong></span> 
     </span>
     <span class='ocr_line' id='line_1_31' title="bbox 210 2625 1763 2681; baseline -0.001 -12"><span class='ocrx_word' id='word_1_253' title='bbox 210 2625 490 2670; x_wconf 74' lang='lat' dir='ltr'>emblemate</span> <span class='ocrx_word' id='word_1_254' title='bbox 529 2626 675 2670; x_wconf 73' lang='lat' dir='ltr'>habui</span> <span class='ocrx_word' id='word_1_255' title='bbox 705 2626 805 2669; x_wconf 89' lang='lat' dir='ltr'>Rel.</span> <span class='ocrx_word' id='word_1_256' title='bbox 837 2627 981 2670; x_wconf 88' lang='lat' dir='ltr'>Aead.</span> <span class='ocrx_word' id='word_1_257' title='bbox 1014 2627 1328 2680; x_wconf 83' lang='lat' dir='ltr'>Berol.1896,</span> <span class='ocrx_word' id='word_1_258' title='bbox 1364 2631 1476 2669; x_wconf 84' lang='lat'>1333</span> <span class='ocrx_word' id='word_1_259' title='bbox 1513 2627 1518 2680; x_wconf 91' lang='grc' dir='ltr'>Ι</span> <span class='ocrx_word' id='word_1_260' title='bbox 1553 2625 1679 2681; x_wconf 81' lang='grc' dir='ltr'><strong><em>ἄγων</em></strong></span> <span class='ocrx_word' id='word_1_261' title='bbox 1706 2626 1763 2668; x_wconf 94' lang='lat' dir='ltr'><em>H</em></span> 
     </span>
     <span class='ocr_line' id='line_1_32' title="bbox 212 2682 1898 2743; baseline -0.001 -16"><span class='ocrx_word' id='word_1_262' title='bbox 212 2689 266 2728; x_wconf 92' lang='grc'><strong><em>10</em></strong></span> <span class='ocrx_word' id='word_1_263' title='bbox 297 2686 349 2728; x_wconf 91' lang='grc' dir='ltr'><strong><em>τὸ</em></strong></span> <span class='ocrx_word' id='word_1_264' title='bbox 384 2686 452 2729; x_wconf 87' lang='lat' dir='ltr'><strong><em>Va</em></strong></span> <span class='ocrx_word' id='word_1_265' title='bbox 576 2691 626 2728; x_wconf 90' lang='lat'>11</span> <span class='ocrx_word' id='word_1_266' title='bbox 664 2682 686 2729; x_wconf 80' lang='grc' dir='ltr'>ὅ</span> <span class='ocrx_word' id='word_1_267' title='bbox 714 2687 801 2730; x_wconf 85' lang='grc' dir='ltr'><strong><em>Μα</em></strong></span> <span class='ocrx_word' id='word_1_268' title='bbox 862 2687 917 2730; x_wconf 78' lang='grc' dir='ltr'><strong><em>οὐ</em></strong></span> <span class='ocrx_word' id='word_1_269' title='bbox 944 2686 1027 2743; x_wconf 63' lang='lat' dir='ltr'><strong><em>H}</em></strong></span> <span class='ocrx_word' id='word_1_270' title='bbox 1062 2685 1281 2730; x_wconf 81' lang='grc' dir='ltr'><strong><em>ἐντεῦθεν</em></strong></span> <span class='ocrx_word' id='word_1_271' title='bbox 1305 2687 1355 2729; x_wconf 90' lang='lat' dir='ltr'><em>D</em></span> <span class='ocrx_word' id='word_1_272' title='bbox 1477 2690 1531 2727; x_wconf 85' lang='lat'>12</span> <span class='ocrx_word' id='word_1_273' title='bbox 1563 2682 1702 2742; x_wconf 80' lang='grc' dir='ltr'><strong><em>λυκίῳ</em></strong></span> <span class='ocrx_word' id='word_1_274' title='bbox 1738 2683 1898 2727; x_wconf 88' lang='lat' dir='ltr'><strong><em>VaMa</em></strong></span> 
     </span>
     <span class='ocr_line' id='line_1_33' title="bbox 212 2741 1895 2812; baseline -0.002 -23"><span class='ocrx_word' id='word_1_275' title='bbox 212 2744 264 2789; x_wconf 78' lang='grc' dir='ltr'><strong><em>ΟΖ</em></strong></span> <span class='ocrx_word' id='word_1_276' title='bbox 290 2746 296 2800; x_wconf 91' lang='grc' dir='ltr'>Ι</span> <span class='ocrx_word' id='word_1_277' title='bbox 324 2745 475 2800; x_wconf 48' lang='lat' dir='ltr'>notul)</span> <span class='ocrx_word' id='word_1_278' title='bbox 509 2759 583 2788; x_wconf 89' lang='lat' dir='ltr'><strong><em>om</em></strong></span> <span class='ocrx_word' id='word_1_279' title='bbox 607 2745 663 2787; x_wconf 92' lang='lat' dir='ltr'><em>H</em></span> <span class='ocrx_word' id='word_1_280' title='bbox 688 2747 703 2812; x_wconf 68' lang='lat' dir='ltr'>j</span> <span class='ocrx_word' id='word_1_281' title='bbox 747 2743 935 2800; x_wconf 79' lang='grc' dir='ltr'><strong><em>γοργίου</em></strong></span> <span class='ocrx_word' id='word_1_282' title='bbox 962 2746 1050 2788; x_wconf 87' lang='grc' dir='ltr'><strong><em>Μα</em></strong></span> <span class='ocrx_word' id='word_1_283' title='bbox 1082 2745 1164 2788; x_wconf 84' lang='lat' dir='ltr'><strong><em>sed</em></strong></span> <span class='ocrx_word' id='word_1_284' title='bbox 1196 2762 1278 2800; x_wconf 81' lang='grc' dir='ltr'><strong><em>γορ</em></strong></span> <span class='ocrx_word' id='word_1_285' title='bbox 1310 2744 1359 2786; x_wconf 90' lang='lat' dir='ltr'><strong><em>in</em></strong></span> <span class='ocrx_word' id='word_1_286' title='bbox 1389 2757 1466 2787; x_wconf 82' lang='lat' dir='ltr'><strong><em>ras</em></strong></span> <span class='ocrx_word' id='word_1_287' title='bbox 1499 2743 1566 2785; x_wconf 74' lang='lat' dir='ltr'><strong><em>m³</em></strong></span> <span class='ocrx_word' id='word_1_288' title='bbox 1687 2747 1739 2785; x_wconf 82' lang='lat'>17</span> <span class='ocrx_word' id='word_1_289' title='bbox 1773 2741 1825 2787; x_wconf 82' lang='grc' dir='ltr'><strong><em>δὲ</em></strong></span> <span class='ocrx_word' id='word_1_290' title='bbox 1850 2744 1895 2786; x_wconf 89' lang='grc' dir='ltr'><strong><em>Β</em></strong></span> 
     </span>
    </p>

    <p class='ocr_par' dir='ltr' id='par_1_8' title="bbox 208 2800 1897 2978">
     <span class='ocr_line' id='line_1_34' title="bbox 332 2800 1897 2876; baseline -0.001 -30"><span class='ocrx_word' id='word_1_291' title='bbox 332 2807 385 2846; x_wconf 91' lang='grc'>18</span> <span class='ocrx_word' id='word_1_292' title='bbox 418 2803 586 2847; x_wconf 81' lang='grc' dir='ltr'><strong><em>ἑαυτοῦ</em></strong></span> <span class='ocrx_word' id='word_1_293' title='bbox 613 2804 774 2859; x_wconf 81' lang='lat' dir='ltr'>scripsi</span> <span class='ocrx_word' id='word_1_294' title='bbox 837 2805 981 2848; x_wconf 83' lang='grc' dir='ltr'><strong><em>αὐτοῦ</em></strong></span> <span class='ocrx_word' id='word_1_295' title='bbox 1015 2805 1083 2848; x_wconf 85' lang='lat' dir='ltr'><strong><em>Va</em></strong></span> <span class='ocrx_word' id='word_1_296' title='bbox 1143 2805 1342 2876; x_wconf 82' lang='grc' dir='ltr'><strong><em>ἐμαυτοῦ</em></strong></span> <span class='ocrx_word' id='word_1_297' title='bbox 1368 2802 1669 2847; x_wconf 81' lang='lat' dir='ltr'><em>HDBMaCz</em></span> <span class='ocrx_word' id='word_1_298' title='bbox 1699 2801 1790 2845; x_wconf 89' lang='lat' dir='ltr'><strong><em>edd</em></strong></span> <span class='ocrx_word' id='word_1_299' title='bbox 1814 2800 1897 2844; x_wconf 85' lang='lat' dir='ltr'><strong><em>sed</em></strong></span> 
     </span>
     <span class='ocr_line' id='line_1_35' title="bbox 208 2857 1894 2918; baseline -0.001 -14"><span class='ocrx_word' id='word_1_300' title='bbox 208 2862 325 2915; x_wconf 88' lang='grc' dir='ltr'><strong><em>πρὸς</em></strong></span> <span class='ocrx_word' id='word_1_301' title='bbox 355 2862 437 2913; x_wconf 81' lang='grc' dir='ltr'><strong><em>τὰς</em></strong></span> <span class='ocrx_word' id='word_1_302' title='bbox 481 2863 679 2918; x_wconf 77' lang='grc' dir='ltr'><strong><em>ἐμαυτοῦ</em></strong></span> <span class='ocrx_word' id='word_1_303' title='bbox 724 2863 828 2906; x_wconf 86' lang='lat' dir='ltr'>coni</span> <span class='ocrx_word' id='word_1_304' title='bbox 871 2862 938 2905; x_wconf 88' lang='lat' dir='ltr'><strong><em>Re</em></strong></span> <span class='ocrx_word' id='word_1_305' title='bbox 990 2864 994 2918; x_wconf 80' lang='grc' dir='ltr'>Ι</span> <span class='ocrx_word' id='word_1_306' title='bbox 1045 2862 1108 2918; x_wconf 79' lang='grc' dir='ltr'><strong><em>μὰ</em></strong></span> <span class='ocrx_word' id='word_1_307' title='bbox 1151 2859 1232 2905; x_wconf 84' lang='grc' dir='ltr'><strong><em>δία</em></strong></span> <span class='ocrx_word' id='word_1_308' title='bbox 1276 2862 1432 2906; x_wconf 82' lang='grc' dir='ltr'><strong><em>διώκει</em></strong></span> <span class='ocrx_word' id='word_1_309' title='bbox 1473 2863 1541 2905; x_wconf 90' lang='lat' dir='ltr'><strong><em>Va</em></strong></span> <span class='ocrx_word' id='word_1_310' title='bbox 1584 2861 1664 2904; x_wconf 83' lang='lat' dir='ltr'><strong><em>Sed</em></strong></span> <span class='ocrx_word' id='word_1_311' title='bbox 1707 2859 1771 2916; x_wconf 80' lang='grc' dir='ltr'><strong><em>μὰ</em></strong></span> <span class='ocrx_word' id='word_1_312' title='bbox 1813 2857 1894 2902; x_wconf 83' lang='grc' dir='ltr'><strong><em>δία</em></strong></span> 
     </span>
     <span class='ocr_line' id='line_1_36' title="bbox 209 2921 1262 2978; baseline 0.001 -15"><span class='ocrx_word' id='word_1_313' title='bbox 209 2922 257 2963; x_wconf 84' lang='grc'><strong><em>111</em></strong></span> <span class='ocrx_word' id='word_1_314' title='bbox 290 2937 401 2976; x_wconf 84' lang='grc' dir='ltr'><strong><em>μετα</em></strong></span> <span class='ocrx_word' id='word_1_315' title='bbox 434 2935 535 2964; x_wconf 81' lang='lat' dir='ltr'><strong>corr</strong></span> <span class='ocrx_word' id='word_1_316' title='bbox 566 2921 636 2964; x_wconf 75' lang='lat' dir='ltr'><strong><em>m3</em></strong></span> <span class='ocrx_word' id='word_1_317' title='bbox 639 2921 821 2973; x_wconf 83' lang='lat' dir='ltr'><em>‚MaCl</em></span> <span class='ocrx_word' id='word_1_318' title='bbox 848 2922 854 2978; x_wconf 87' lang='grc' dir='ltr'>Ι</span> <span class='ocrx_word' id='word_1_319' title='bbox 883 2921 1190 2976; x_wconf 84' lang='grc' dir='ltr'><strong><em>ἀνακείμενον</em></strong></span> <span class='ocrx_word' id='word_1_320' title='bbox 1214 2922 1262 2964; x_wconf 90' lang='lat' dir='ltr'><em>D</em></span> 
     </span>
    </p>
   </div>
  </div>
 </body>
</html>
