2026 3192
226 634 245 666 5

203 1082 245 1114 10

202 1526 244 1559 15

271 121 382 173 444
738 119 968 163 LIBANII
997 118 1389 163 DEOLAMATIO
1421 119 1528 163 VIII

270 257 372 324 τὴν
419 255 593 324 ὀργὴν
640 258 908 324 ἐνεγκεῖν,
963 255 1135 324 ὀργὴν
1184 255 1527 324 δεινοτάτην,
1581 256 1965 328 σφοδροτέραν

270 347 346 407 εἰς
385 343 632 413 ἀνάγκην
670 342 884 410 ἔρωτος.
926 344 955 398 ὁ
995 341 1098 413 μὲν
1136 345 1239 413 γὰρ
1282 345 1481 397 δίδωσί
1515 365 1569 397 τι
1603 344 1692 398 καὶ
1731 348 1962 413 βουλεύ-

270 439 478 487 σασθαι
516 432 607 486 καὶ
645 434 782 503 πρὸς
823 432 1019 486 ἑαυτὸν
1060 435 1257 499 εἰπεῖν,
1304 433 1336 501 ἡ
1378 430 1437 485 δὲ
1485 431 1820 504 ἐκταράξασα
1863 437 1964 505 τὴν

268 524 504 594 καρδίαν
544 522 708 591 ἐγγὺς
747 526 944 591 μανίας
985 524 1104 590 ἄγει
1135 523 1233 575 τὸν
1263 521 1624 590 κεκινημένον
1653 522 1745 577 καὶ
1775 524 1964 594 μέχρις

270 612 341 665 ἂν
381 612 518 683 αὑτῇ
557 615 863 681 χαρίσηται,
906 611 1021 675 ζέει.
1061 612 1198 679 αὕτη
1239 632 1302 680 με
1344 612 1680 681 κατήπειξεν,
1720 613 1856 682 αὕτη
1897 634 1963 682 με

267 700 489 769 μέλλειν
528 701 631 755 οὐκ
670 707 870 770 εἴασεν,
910 701 1046 770 αῦτη
1086 721 1151 767 με
1193 702 1458 770 δικαστὴν
1491 700 1722 770 ἐποίησε.
1793 702 1879 754 234
1911 704 1967 755 τί

270 789 318 844 δ’
380 789 449 843 ἂν
504 792 616 843 ἔδει
671 789 762 843 καὶ
819 792 1092 843 δικαστῶν
1148 789 1348 858 ἑτέρων
1403 789 1491 843 ἐπὶ
1543 791 1838 855 τοιούτοις;
1894 790 1961 843 οὐ

268 882 457 949 βωμὸν
496 879 804 933 ἀνέσπασεν
844 879 976 948 ἐμὸν
1009 878 1360 949 Ἁλιρρόθιος
1406 876 1538 932 οὐδὲ
1583 883 1795 933 θυσίαν
1834 879 1962 932 ε’κώ-

270 973 436 1022 λυσεν
479 966 610 1022 οὐδὲ
657 978 769 1022 τῶν
818 967 1009 1038 ἱερέων
1055 970 1180 1021 τινὰ
1225 978 1336 1022 τῶν
1376 968 1522 1038 ἐμῶν
1570 967 1845 1032 ἐπάταξεν.
1892 964 1963 1037 ἦν

268 1054 368 1125 μὲν
408 1058 511 1127 γὰρ
553 1055 623 1109 ἂν
661 1055 752 1109 καὶ
791 1065 962 1110 ταῦτα
1002 1058 1175 1123 δεινά,
1215 1064 1314 1110 τοῦ
1347 1059 1619 1127 παρόντος
1654 1056 1702 1110 δ’
1745 1058 1959 1110 ἐλάττω.

268 1146 522 1215 θυγάτηρ
571 1145 822 1199 ἀπόλωλέ
863 1166 981 1215 μοι,
1035 1147 1289 1215 θυγάτηρ
1345 1148 1653 1215 βεβίασται,
1707 1148 1960 1218 θυγάτηρ

267 1237 633 1303 πεπόρθηται·
687 1237 904 1289 παίδων
960 1232 1020 1288 δὲ
1076 1232 1241 1289 οὐδὲν
1295 1237 1619 1305 τιμιώτερον
1675 1237 1961 1306 πατράσιν.

269 1324 355 1376 24.
396 1324 558 1394 ὁρᾶτε
597 1326 688 1377 καὶ
719 1327 850 1387 τοὺς
882 1324 1217 1393 ἀνθρώπους
1249 1325 1316 1377 οὐ
1349 1327 1524 1393 μόνον
1555 1326 1621 1377 τὰ
1653 1326 1790 1377 ἄλλα
1820 1322 1960 1393 ὑπὲρ

269 1413 453 1466 αὐτῶν
499 1421 812 1476 πονοῦντας
856 1415 922 1467 τὰ
969 1414 1068 1482 μὲν
1118 1413 1179 1466 ἐν
1225 1422 1319 1484 γῇ,
1374 1415 1439 1467 τὰ
1487 1414 1549 1467 δὲ
1595 1413 1655 1467 έν
1697 1415 1961 1485 θαλάττῃ,

269 1500 406 1554 ἀλλὰ
446 1499 536 1554 καὶ
576 1503 673 1554 τὸν
713 1501 774 1555 ἐν
813 1511 927 1565 τοῖς
968 1502 1159 1565 ὅπλοις
1197 1502 1371 1571 ἡδέως
1419 1502 1748 1572 δεχομένους
1786 1503 1961 1556 θάνα-

268 1610 381 1644 τον.
431 1589 519 1644 καὶ
570 1592 723 1644 οὔπω
774 1599 938 1645 τοῦτο
985 1590 1147 1660 μέγα,
1195 1599 1329 1654 νοῦς
1376 1592 1478 1662 γὰρ
1529 1591 1589 1644 έν
1636 1591 1825 1655 αὐτοῖς
1869 1590 1959 1645 καὶ

270 1681 555 1748 φρόνησις.
611 1679 748 1733 ἀλλὰ
794 1679 886 1734 καὶ
940 1682 1005 1734 τὰ
1052 1684 1225 1756 θηρία
1263 1681 1441 1733 πάντα
1495 1677 1635 1751 ὑπὲρ
1688 1676 1766 1734 ὧν
1812 1678 1960 1734 ἔτεκε

269 1770 489 1838 δρῶντα
543 1768 771 1838 ὁρῶμεν.
828 1771 917 1822 καὶ
969 1771 1106 1823 αὐτὰ
1157 1767 1258 1839 μὲν
1313 1772 1363 1822 εί
1414 1769 1664 1839 πλήξαις,
1719 1766 1832 1839 τάχ’
1891 1769 1960 1822 ἂν

268 1857 558 1926 ἡσυχάσαι·
599 1866 710 1909 τῶν
751 1856 798 1909 δ’
847 1856 1091 1926 ἐγγόνων
1127 1860 1175 1912 εἰ
1213 1859 1545 1927 προσάψαιο,
1584 1858 1752 1927 μέγας
1783 1858 1811 1911 ὁ
1843 1861 1959 1912 κίν-

390 2053 443 2092 12
475 2048 583 2092 Eur.
615 2048 788 2092 Phoen.
815 2053 899 2093 565
928 2051 934 2106 Ι
963 2048 1021 2093 cf.
1053 2050 1086 2092 t.
1111 2049 1175 2092 III
1199 2054 1298 2103 256,
1317 2054 1372 2092 20

388 2232 413 2270 2
446 2226 530 2284 μέν
561 2243 612 2285 γε
636 2228 793 2273 HOVi
819 2230 825 2284 Ι
853 2225 1016 2272 δίδωσι
1046 2226 1091 2271 τί
1118 2229 1262 2273 MaCl
1289 2231 1294 2284 Ι
1322 2228 1401 2272 καὶ
1425 2228 1471 2270 in
1497 2241 1574 2271 ras
1610 2227 1699 2271 Va²
1819 2233 1844 2269 3
1878 2229 1958 2271 καὶ

266 2285 507 2341 ταράξασα
543 2289 630 2332 Μα
750 2291 777 2329 4
808 2285 940 2345 μέχρι
971 2289 1029 2331 Η
1143 2292 1168 2331 5
1202 2288 1318 2344 αὐτῇ
1350 2287 1460 2330 libri
1522 2301 1623 2331 corr
1654 2286 1755 2329 Mor
1789 2288 1795 2342 Ι
1830 2289 1957 2343 χαρί-

269 2350 398 2402 ζηται
431 2346 535 2390 ViB
563 2348 568 2403 Ι
604 2345 687 2399 ζέει
724 2346 794 2389 Va
826 2347 908 2390 sed
940 2363 980 2391 ει
1011 2346 1060 2389 in
1091 2360 1166 2390 ras
1198 2346 1269 2390 m²
1304 2350 1309 2402 Ι
1345 2346 1461 2403 αῦτη
1496 2347 1564 2390 Va
1596 2346 1676 2389 sed
1709 2343 1769 2389 αῦ
1801 2345 1850 2388 in
1882 2360 1956 2389 ras

268 2404 337 2448 111²
399 2404 517 2460 αὐτή
532 2406 627 2451 HC
650 2407 654 2462 Ι
684 2411 709 2448 5
739 2407 786 2449 eb
811 2410 835 2448 6
862 2405 977 2461 αὐτὴ
996 2405 1088 2450 HC
1113 2408 1117 2459 Ι
1147 2422 1199 2461 με
1225 2406 1389 2462 scripsi
1415 2420 1439 2449 e
1459 2405 1602 2450 Maol
1627 2418 1731 2448 cum
1748 2404 1956 2448 Iacobsio

268 2463 382 2507 Lect
415 2468 498 2507 120
539 2466 587 2508 et
620 2464 774 2508 Gasda
851 2464 901 2509 δὲ
934 2465 1215 2509 HOViVaB
1248 2465 1338 2507 edd
1481 2470 1506 2507 6
1547 2463 1698 2519 μέλειν
1728 2463 1821 2507 HC

271 2527 325 2565 10
369 2522 600 2578 παρόντος
639 2521 685 2568 δ’
729 2523 891 2580 scripsi
933 2536 957 2567 e
991 2525 1208 2569 VaMaOl
1282 2522 1515 2579 παρόντος
1553 2520 1598 2566 δ’
1636 2520 1695 2566 ἂν
1727 2522 1885 2585 ἱζΟῘῙί

268 2580 501 2636 παρόντος
533 2583 576 2625 Β
640 2581 691 2626 δὲ
722 2581 954 2638 παρόντος
985 2583 1075 2627 edd
1199 2588 1252 2626 12
1291 2583 1341 2627 δὲ
1374 2597 1448 2627 om
1480 2584 1525 2626 B
1650 2585 1702 2624 13
1733 2583 1874 2624 τάλλα
1908 2583 1959 2625 Η

272 2641 308 2685 Ο
445 2646 496 2684 14
530 2642 683 2685 αὑτῶν
716 2643 773 2686 H
828 2642 971 2686 αὐτοῦ
1005 2643 1050 2685 Β
1100 2644 1105 2698 Ι
1155 2649 1418 2693 πονοῦντας
1456 2641 1641 2698 reposui
1673 2654 1698 2684 e
1733 2640 1864 2683 libris
1903 2643 1956 2684 ut

268 2699 382 2743 Basb
420 2700 711 2755 (Boissonad.
753 2700 931 2757 Eunap.
967 2700 1009 2743 II
1049 2703 1157 2753 321)
1198 2715 1222 2744 e
1261 2701 1352 2744 Par
1383 2705 1496 2744 3017
1573 2706 1826 2750 ποιοῦντας
1864 2700 1955 2743 edd

270 2759 350 2802 Sed
387 2760 569 2813 „malim
598 2762 885 2810 πονοῦντας“
921 2760 987 2803 Re
1016 2761 1022 2817 Ι
1049 2759 1260 2818 θαλάττῃ
1301 2759 1464 2815 scripsi
1504 2773 1559 2804 ex
1584 2760 1641 2803 H
1646 2758 1897 2803 ViBMaOl

269 2816 481 2875 θαλάσσῃ
510 2819 622 2863 OVa
653 2819 742 2861 edd
875 2823 928 2862 15
962 2818 1075 2862 ἀλλὰ
1107 2833 1181 2862 om
1214 2821 1260 2864 B
1390 2823 1444 2862 16
1477 2819 1560 2875 μὲν
1591 2819 1697 2873 post
1728 2824 1838 2868 νοῦς
1864 2817 1959 2862 HG

279 2877 336 2920 Vi
366 2877 456 2920 edd
518 2876 666 2921 delevi
789 2882 841 2920 17
877 2878 1027 2922 ἔτεκεν
1061 2878 1149 2922 Ma
1271 2882 1325 2922 19
1358 2877 1638 2934 ἡσυχάσαιεν
1671 2877 1730 2919 Vi
1755 2878 1760 2933 Ι
1801 2877 1851 2920 δὲ
1885 2877 1953 2921 Va

269 2935 464 2980 BMaOl
494 2937 585 2980 edd
612 2939 618 2992 Ι
648 2935 850 2992 ἐκγόνων
878 2937 1078 2982 HCViB
