2026 3192
253 112 363 164 330
734 111 965 156 LIBANII
992 111 1383 156 DECLAMATIO
1417 112 1459 155 V

251 256 361 301 νῦν
400 246 449 300 δ’
496 250 656 316 ἔρωτι
695 248 796 317 μὲν
836 246 998 316 δόξης
1034 248 1331 317 ὑπερεῖδον
1362 259 1473 301 τῶν
1505 254 1665 317 οἴκοι,
1702 254 1944 304 τετελευ-

252 340 446 406 τήκασι
494 336 559 390 δέ
599 357 691 404 μοι
738 337 875 406 πρὸς
921 336 1142 406 ἀτιμίαν
1190 338 1248 390 οἱ
1297 339 1475 390 πόνοι.
1552 337 1639 390 46.
1685 338 1843 409 φέρε,
1894 341 1946 392 εἰ

253 426 360 494 πρὸ
399 433 494 493 τῆς
533 425 748 492 ἀτιμίας
775 422 1124 494 Ἀγαμέμνων
1162 427 1481 495 ὑπισχνεῖτο
1534 429 1685 498 δῶρα
1725 428 1944 497 δώσειν,

254 517 304 567 εἰ
341 522 745 583 παροινοῦντος
783 515 1147 584 ἀνασχοίμην,
1195 510 1279 584 ἆρ’
1328 516 1400 568 ἄν
1439 535 1533 584 μοι
1581 517 1943 585 συνεβούλευ-

254 618 353 666 σας
399 603 685 673 εὐπρεπεῖς
731 603 875 656 οὕτω
922 610 1209 657 ποιεῖσθαι
1263 606 1569 675 συνθήκας;
1623 606 1726 658 οὐκ
1778 603 1941 659 ἔστιν.

254 692 354 761 οὐχ
395 693 536 745 οὕτω
577 691 694 746 ποτ’
743 692 813 745 ἂν
852 692 1140 762 φθέγξαιο.
1196 686 1302 746 εἶθ’
1350 693 1675 763 ὑβρίζεσθαι
1713 691 1814 764 μὲν
1855 693 1942 748 ἐπὶ

219 828 222 832 .
254 782 451 851 δώρων
490 779 672 835 ἐλπίδι
710 786 916 851 πολλῆς
955 783 1235 852 αἰσχύνης,
1274 782 1616 851 ὑβρισθέντα
1649 783 1710 836 δὲ
1740 784 1944 853 χρημά-

182 1068 228 1100 10

182 1513 226 1545 15

252 891 363 924 των
402 871 557 923 λύειν
595 872 697 939 τὴν
737 871 912 939 ὀργὴν
956 881 1069 924 τῶν
1106 876 1290 925 καλῶν
1327 871 1389 925 ἕν
1427 874 1485 924 τί
1520 870 1657 940 ἐστις
1706 873 1797 925 καὶ
1834 873 1944 940 μὴν

254 961 312 1012 τὸ
368 961 606 1028 λαβόντα
666 963 969 1012 καταλῦσαι
1031 961 1129 1013 τὸν
1189 961 1378 1027 θυμὸν
1432 960 1557 1013 ἴσον
1611 962 1822 1029 γίνεται
1875 966 1948 1032 τῷ

252 1054 457 1101 παθεῖν
490 1047 577 1101 ἐπὶ
616 1055 690 1121 τῷ
724 1051 928 1117 λαβεῖν.
985 1047 1243 1119 ἑκάτερον
1289 1051 1393 1117 γάρ
1442 1048 1594 1102 ἐστιν
1641 1049 1842 1119 ἀνδρὸς
1879 1049 1941 1101 τὸ

252 1143 642 1207 παροινεῖσθαι
680 1136 1052 1206 πεποιημένου
1091 1139 1384 1207 πρόσοδον.

362 1227 450 1279 47.
475 1225 648 1289 Ὅλως
688 1223 747 1279 δὲ
788 1226 959 1294 γέλως
996 1228 1062 1280 τὰ
1103 1228 1255 1296 δῶρα
1293 1226 1383 1280 καὶ
1423 1229 1488 1280 τὰ
1527 1235 1634 1280 νῦν
1666 1245 1942 1296 προκεχει-

252 1315 482 1384 ρισμένα
521 1313 611 1368 καὶ
653 1315 685 1368 ἃ
734 1316 931 1385 Τροίας
971 1316 1211 1385 ἁλούσης
1251 1314 1652 1385 ἐπαγγέλλεται.
1691 1314 1782 1369 καὶ
1818 1314 1941 1384 περὶ

250 1401 352 1472 μὲν
405 1414 516 1457 τῶν
569 1406 886 1472 μελλόντων
941 1404 1117 1458 ἐκεῖνο
1173 1403 1333 1474 λέγω·
1399 1405 1516 1472 ἐμοὶ
1574 1404 1797 1474 μένοντι
1854 1404 1940 1456 καὶ

250 1492 528 1562 μετέχοντι
567 1503 680 1547 τῶν
718 1493 952 1561 ἀγώνων
992 1495 1240 1564 εἵμαρται
1272 1504 1477 1562 πεσεῖν,
1509 1493 1792 1560 Ὀδυσσεῦ,
1825 1496 1941 1560 Πη-

251 1580 346 1634 λεά
400 1579 461 1634 δὲ
515 1581 604 1634 καὶ
659 1583 757 1635 τὸν
809 1589 1061 1655 πατρῷον
1114 1578 1270 1636 οἷκον
1325 1584 1425 1636 οὐκ
1477 1585 1728 1646 ὄψεσθαι.
1783 1580 1932 1634 ταῦτ’

369 1747 394 1786 3
428 1742 512 1788 Od.
547 1761 573 1788 ν
609 1749 690 1786 142
839 1749 889 1786 11
925 1727 1032 1788 Lac.
1067 1744 1161 1787 Sat.
1195 1749 1220 1787 8
1364 1750 1416 1787 12
1449 1743 1500 1788 11.
1536 1762 1552 1788 ι
1584 1749 1683 1788 277.
1717 1743 1774 1787 of.
1808 1742 1939 1786 Dem.

247 1817 292 1858 p.
319 1807 433 1857 85‚7
558 1807 612 1846 13
645 1803 695 1846 Π.
730 1820 745 1846 ι
778 1807 861 1846 277
881 1818 946 1860 sq.
1073 1808 1126 1847 15
1158 1803 1209 1846 11.
1244 1821 1260 1846 ι
1292 1809 1379 1847 410
1397 1818 1462 1858 sq.
1499 1821 1529 1847 α
1561 1808 1645 1846 416
1665 1817 1730 1858 sq.

371 1957 391 1994 1
428 1950 478 1996 δὲ
510 1952 639 1996 HLa
761 1957 785 1994 2
820 1968 897 2006 μοι
933 1966 1007 1996 om
1040 1953 1174 1996 Lam·
1296 1957 1321 1994 3
1354 1950 1592 2008 ἀσελγείας
1625 1951 1767 1995 LaVi
1805 1953 1852 1993 el:
1883 1967 1938 2006 γρ

247 2010 298 2053 in
329 2023 464 2067 marg
490 2011 602 2055 Ma²
632 2012 679 2054 et
711 2028 764 2067 γρ
804 2011 853 2053 in
886 2025 1019 2067 marg
1049 2011 1151 2055 Mor
1186 2013 1191 2066 Ι
1218 2009 1503 2067 Ἀγαμέμνων
1535 2024 1611 2054 om
1645 2012 1701 2055 Vi
1732 2011 1780 2053 et
1811 2026 1864 2065 γρ
1889 2008 1938 2051 in

248 2083 382 2127 marg
413 2069 514 2114 Mor
633 2075 660 2113 4
692 2069 942 2128 ἀνάσχοιμι
974 2071 1123 2116 BCan
1165 2072 1170 2126 Ι
1210 2087 1288 2126 μοι
1320 2085 1395 2114 om
1434 2071 1493 2113 Vi
1612 2076 1637 2112 τ’)
1672 2067 1817 2120 οὕτως
1850 2068 1938 2110 Ma

252 2129 256 2186 Ι
294 2130 378 2173 οὐκ
412 2129 533 2173 ἔστιν
565 2144 638 2173 om
670 2131 805 2173 Lam·
926 2134 951 2172 6
982 2126 1122 2172 πάντ’
1160 2131 1235 2174 La
1266 2130 1348 2174 sed.
1381 2147 1440 2173 αν
1471 2129 1520 2171 in
1545 2146 1568 2172 ο
1595 2143 1695 2172 corr
1726 2141 1815 2182 ras),
1849 2128 1938 2171 Ma

246 2189 331 2231 scd.
363 2187 386 2232 ό
420 2202 561 2244 supra
592 2187 652 2232 αν
683 2188 753 2231 m²
813 2188 966 2232 πάντα
998 2188 1235 2234 HBLaur
1294 2188 1480 2240 πάντως
1513 2189 1612 2233 Gan
1647 2191 1652 2243 Ι
1688 2185 1747 2231 ἂν
1780 2200 1855 2230 om
1886 2186 1945 2230 H

370 2252 392 2289 7
427 2245 574 2292 ἐλπίσι
610 2249 666 2292 Vi
687 2247 789 2291 Mor
815 2250 822 2303 Ι
851 2247 1088 2305 αἰσχύνης]
1116 2246 1175 2291 ἂν
1201 2247 1270 2304 εἴη
1296 2246 1467 2304 μανίας
1492 2248 1618 2291 HLa
1631 2248 1780 2291 ViMa
1811 2247 1857 2288 et
1881 2262 1935 2301 γρ

246 2336 294 2379 in
320 2351 455 2393 marg
477 2336 577 2380 Mor
605 2339 610 2391 Ι
639 2335 907 2394 ὑβρισθέντι
935 2337 1034 2380 Gan
1094 2325 1400 2394 ὑβρισθέντῖἷς
1427 2338 1514 2380 Ma
1547 2336 1628 2379 sed
1661 2352 1710 2385 ος
1743 2334 1818 2377 del

247 2399 275 2438 8
307 2395 432 2439 λύειν
473 2395 636 2451 scripsi
677 2410 732 2438 ex
764 2396 821 2438 H
826 2396 1018 2439 ViLaur
1092 2396 1244 2439 λύσειν
1280 2396 1367 2439 Ma
1402 2396 1483 2438 sed
1517 2394 1529 2409 '
1561 2411 1628 2439 ειν
1663 2408 1764 2438 corr
1793 2393 1864 2436 m²

245 2456 381 2497 λῦσαι
412 2453 582 2510 reliqui
613 2454 722 2497 libri
755 2454 846 2497 edd
874 2456 880 2510 Ι
907 2457 1060 2497 καλῶν
1097 2457 1184 2499 Μα
1217 2455 1297 2498 sed
1329 2457 1352 2497 λ
1384 2455 1433 2497 in
1464 2469 1537 2497 ras
1569 2453 1639 2497 m²
1666 2456 1671 2509 Ι
1701 2451 1750 2496 ἕν
1785 2468 1829 2495 τι
1861 2466 1935 2495 om

248 2514 294 2556 B
356 2512 406 2556 ἓν
437 2511 482 2556 τί
515 2515 604 2558 Ma
635 2513 716 2556 sed
738 2510 759 2527 ‘⁸
787 2513 879 2557 add
911 2528 944 2556 ‘n
977 2515 1022 2556 et
1055 2512 1072 2557 ι’
1103 2514 1151 2556 in
1183 2527 1257 2556 ras
1281 2529 1313 2556 η
1338 2516 1384 2557 et
1414 2515 1522 2569 posb
1547 2529 1563 2555 ι
1587 2527 1662 2555 ras
1689 2517 1711 2555 1
1738 2511 1817 2554 lisst

246 2575 274 2614 9
306 2571 388 2616 τὸν
421 2572 521 2616 Mor
549 2575 569 2674 Ι
595 2575 851 2616 καταλῦσαι
883 2572 1048 2628 scripsi
1080 2587 1135 2616 ex
1167 2573 1223 2615 H
1230 2573 1421 2617 ViLaur
1481 2572 1735 2615 καταλῦσαι
1765 2570 1935 2627 reliqui

246 2629 356 2674 libri
387 2631 476 2674 edd
506 2634 511 2686 Ι
568 2645 650 2675 σον
682 2632 738 2674 H
743 2632 892 2676 ViMa
927 2634 932 2685 Ι
967 2629 1173 2688 γίγνεται
1204 2632 1359 2675 ΗΟαη
1483 2635 1535 2674 10
1568 2632 1724 2688 λαβεῖν
1757 2630 1891 2675 Laur
1925 2628 1930 2685 Ι

245 2693 425 2733 παθεῖν
450 2691 584 2734 Laur
611 2692 616 2746 Ι
646 2690 771 2734 ἔσται
805 2691 894 2734 Ma
921 2692 927 2745 Ι
955 2690 1005 2733 τὸ
1034 2692 1123 2734 Μα
1146 2691 1227 2734 sed
1252 2691 1275 2734 ὸ
1303 2705 1358 2734 ex
1382 2697 1437 2735 οῦ
1463 2704 1564 2733 corr
1586 2689 1656 2731 m2
1777 2696 1831 2734 12
1856 2707 1933 2733 τα-

248 2756 335 2792 νῦν
377 2750 434 2794 Vi
470 2752 476 2804 Ι
519 2748 826 2806 κεχαρισμένα
858 2751 946 2793 Ma
978 2750 1060 2792 sed
1092 2767 1145 2805 γρ
1178 2747 1585 2806 προκεχειρισμένα
1622 2762 1835 2803 suprascr
1864 2748 1934 2791 m'

368 2811 421 2850 13
454 2807 865 2865 κατεπαγγέλλεται
898 2809 954 2851 Vi
1076 2814 1129 2852 14
1154 2807 1236 2863 μὲν
1262 2823 1338 2852 om
1359 2807 1607 2851 HIVIaCan
1731 2812 1783 2851 15
1807 2805 1932 2864 μετέ-

245 2882 377 2922 χοντι
411 2868 498 2910 Μα
530 2867 611 2910 sed
644 2883 741 2910 οντι
773 2867 822 2909 in
854 2881 927 2909 ras
960 2867 1030 2910 m³
1079 2870 1084 2922 Ι
1135 2866 1321 2923 εἵμαρτο
1357 2868 1630 2911 MaBLaur
1765 2871 1817 2910 16
1850 2866 1931 2910 τὸν

246 2940 322 2966 om
343 2927 397 2969 H
404 2927 549 2969 Vz'Ma
577 2929 581 2981 Ι
611 2933 826 2979 πατρῶον
845 2926 933 2968 1Ma
961 2928 966 2980 Ι
996 2924 1202 2981 ὄψεσθαι
1222 2928 1309 2970 Μα
1334 2926 1414 2969 sed
1439 2943 1494 2981 γρ
1521 2925 1699 2982 ὄψομαι
1717 2939 1933 2981 suprascr
