2026 3192
506 122 746 177 LIBANH,
762 121 1020 166 LEGATIO
1053 121 1328 165 MENELAI
1690 122 1792 174 197

103 265 209 313 leae
249 279 378 312 anno
414 265 554 312 1522
597 262 686 311 sub
727 263 819 311 hoc
857 262 1030 310 titulo:
1076 262 1282 310 Libanii
1326 261 1577 322 Sophistae
1619 262 1797 312 Graeci

104 338 568 387 declamatiunculae
593 338 789 398 aliquot,
823 336 1106 396 eaedemque
1128 336 1358 392 Latinae,
1380 351 1474 396 per
1497 338 1612 385 Des.
1637 338 1794 386 Eras-

102 428 236 460 mum
275 412 382 459 Rot.
456 411 581 459 Cum
619 411 812 459 duabus
851 411 1150 458 orationibus
1190 410 1374 471 Isysiae
1420 412 1583 459 itidem
1628 413 1794 467 versis,

106 489 278 534 incerto
317 488 595 546 interprete,
635 489 679 533 et
708 485 822 533 aliis
860 484 1122 533 nonnullis
1186 485 1253 531 In
1291 484 1472 546 inclyta
1503 486 1708 534 Basilea
1741 500 1797 534 ea:

103 561 304 609 aedibus
336 560 410 607 Io.
443 560 590 607 Frob.
623 561 796 607 Mense
827 559 1015 607 Martio
1046 557 1196 606 Anno
1226 559 1528 606 MDXXII.
1541 553 1583 623 1)

212 634 380 696 Atque
419 634 540 681 h'aec
580 632 776 695 quidem
820 632 971 681 editio
1005 635 1211 694 excepta
1243 634 1458 694 epistula
1490 633 1796 682 dedicatoria

3 704 10 771 ,*
100 710 314 770 repetita
346 710 421 755 est
451 708 667 770 primum
701 705 935 755 Coloniae
968 707 1100 769 apud
1132 706 1369 755 Ioannem
1404 706 1625 756 Soterem
1649 708 1794 755 Anno

0 790 9 844 ζ
100 781 339 830 MDXXV
357 781 447 830 sub
471 782 564 830 hoc
588 781 759 830 titulo:
788 780 1020 830 Contenta
1043 782 1098 828 in
1114 781 1250 829 hocce
1273 782 1443 829 libello,
1477 782 1796 841 Eloquentiae

0 910 17 919 ν
101 858 368 905 encomium
414 857 582 904 autore
619 855 846 916 Philippo
884 856 1267 904 Melanehtlionc.
1328 856 1407 903 De
1442 857 1623 916 primis
1662 857 1796 916 apud

0 937 10 969 ¹·
98 932 332 978 rhetorem
373 931 790 978 eaeereitationibus
827 931 1191 990 praeceptiones
1239 933 1406 978 autore
1447 931 1589 978 Petro
1620 931 1792 978 Mosel.

98 1003 365 1065 Aphtleonii
400 1005 639 1065 sophistae
673 1018 854 1064 yraeca
890 1007 1341 1065 proyymnasmata.
1404 1005 1598 1052 Eadem
1636 1005 1795 1053 latina

0 1071 4 1123 3}
99 1079 289 1127 Ioanne
312 1079 489 1127 Maria
510 1078 756 1128 Catanaeo
780 1080 1048 1138 interprete.
1081 1078 1302 1126 ›Libanii
1321 1077 1571 1139 Sophistae
1591 1093 1795 1140 qraecae

0 1144 9 1192 ἰ
99 1153 470 1202 declamationes
517 1157 625 1201 tres.
695 1152 915 1200 Eaedem
969 1153 1151 1201 latinae
1203 1152 1418 1201 Erasmo
1472 1153 1794 1201 Roterodamo

0 1922 11 2050 ιν-ιφς-κ-ῐ-
0 1808 13 1906 ’μιν-Ἠ*
0 1778 6 1797 ⁷
0 1627 12 1765 -Ἷς-ιι.ν

0 1235 5 1260 ῑ
97 1227 351 1288 interprete
383 1221 477 1293 (fol
515 1229 581 1274 74
610 1221 754 1293 -88)
767 1220 832 1293 ²)3
881 1228 1059 1275 iterum
1093 1242 1204 1274 cum
1240 1227 1457 1288 epistula
1490 1227 1794 1275 dedicatoria

98 1302 150 1348 in
191 1316 395 1364 operum
434 1301 629 1348 Erasmi
662 1317 690 1348 a
726 1301 883 1349 Beato
915 1301 1154 1349 Rhenano
1201 1300 1425 1348 Basileae
1473 1317 1601 1349 anno
1651 1302 1792 1349 1540

98 1375 344 1423 editorum
375 1375 624 1423 volumine
649 1377 810 1437 primo
834 1392 882 1437 p.
910 1376 1217 1423 459—466.
1260 1375 1475 1422 Menelai
1498 1375 1792 1424 declamatio

98 1449 204 1497 sola
234 1451 449 1511 repetita
480 1452 589 1498 est
576 1466 629 1497 111
655 1450 786 1498 calce
812 1449 1044 1498 editionis
1069 1449 1277 1511 Dictyos
1305 1448 1549 1498 Cretensis
1576 1450 1634 1497 de
1662 1450 1791 1497 bello

99 1523 311 1572 Troiano
345 1539 470 1586 quae
502 1523 690 1586 prodiit
719 1524 946 1572 Basileae
981 1540 1107 1572 anno
1145 1525 1300 1571 1529.

209 1598 391 1646 Textus
424 1613 630 1661 graecus
661 1598 797 1646 solus
828 1599 1068 1660 repetitus
1094 1600 1168 1646 est
1192 1597 1406 1646 editione
1431 1614 1558 1660 quae
1585 1575 1793 1645 tituluni

97 1671 267 1719 habet:
300 1671 551 1736 Λιβανιου
585 1669 802 1721 Μελέται
832 1672 1045 1720 Parisiis
1074 1671 1226 1733 Apud
1256 1672 1496 1721 Ioannem
1522 1672 1792 1720 Lodoicum

99 1746 144 1792 T
140 1746 390 1803 detanum,
424 1761 479 1794 cx
509 1747 713 1795 adverso
746 1746 928 1807 colleyii
958 1747 1211 1795 Remensis
1240 1746 1459 1810 MDXL
1491 1748 1541 1794 et
1572 1747 1792 1801 continet

207 1819 290 1869 fol.
328 1823 354 1868 1
403 1817 601 1884 Μελέτη
642 1820 779 1879 τίνας
818 1817 881 1868 ἂν
919 1819 1048 1868 εἴποι
1088 1818 1263 1886 λόγους
1303 1816 1329 1867 ὃ
1370 1818 1628 1879 Μενέλαος
1667 1819 1791 1886 πρὸς

96 1900 251 1958 τρῶας
283 1891 504 1942 ἀπαιτῶν
534 1893 626 1958 τὴν
649 1889 858 1958 Ἑλένην
891 1888 967 1959 (id
998 1897 1072 1942 est
1104 1894 1398 1942 declamatio
1430 1888 1668 1960 Menelai)

206 1969 291 2016 fol.
326 1969 355 2016 5
390 1965 610 2032 Μελέτη·
661 1968 808 2026 Τίνας
849 1965 911 2016 ἂν
943 1967 1072 2016 εἴποι
1103 1967 1279 2034 λόγους
1311 1967 1517 2031 Μήδεια
1550 1966 1790 2031 μέλλουσα

96 2039 426 2105 ἀποσφάττειν
457 2040 572 2102 τοὺς
603 2040 780 2106 ἑαυτῆς
804 2042 986 2100 παῖδας

206 2117 291 2164 fol.
327 2117 356 2164 6
391 2114 611 2180 Μελέτη·
644 2116 780 2175 τίνας
812 2113 875 2164 ἂν
907 2115 1036 2165 εἴποι
1059 2114 1236 2182 λόγους
1255 2111 1562 2182 Ἀνδρομάχη
1594 2114 1787 2181 ἀναιρε-

96 2187 272 2248 θέντος
286 2185 525 2255 ’Ἕκτορος

207 2279 317 2312 011111
357 2264 716 2327 subscriptione
750 2258 844 2331 (fol
878 2259 982 2330 6V):
1014 2266 1224 2313 Parisiis
1256 2265 1542 2314 Excudebat
1572 2266 1788 2313 Ioannes

0 2327 14 2396 3
95 2338 339 2387 Lodoicus
374 2339 625 2387 Tilctanus
656 2331 940 2404 MDXL.³)

207 2410 367 2460 Codex
394 2428 539 2474 quem
562 2413 801 2461 Erasmus
827 2404 908 2478 (=
926 2405 1018 2479 Er)
1036 2414 1297 2474 usurpavit
1320 2413 1418 2460 fuit
1444 2427 1570 2460 unus
1596 2429 1621 2460 e
1647 2412 1785 2461 scho-

0 2454 8 2503 t*
95 2485 297 2547 lasticis,
323 2486 607 2536 simillimus
630 2486 876 2535 Vaticano
913 2488 1033 2546 113,
1064 2486 1117 2534 id
1149 2490 1223 2534 est
1246 2487 1428 2548 peioris
1452 2488 1612 2534 notae.
1658 2486 1784 2534 Tex-

0 2762 27 2963 g

95 2561 175 2630 tus
207 2560 366 2623 igitur
395 2575 600 2623 graecus
648 2560 1068 2623 mendosissimus,
1106 2562 1268 2609 versio
1309 2575 1424 2608 vero
1471 2560 1652 2622 latina,
1685 2575 1786 2622 qua

95 2624 205 2680 cum
224 2632 454 2682 Cicerone
473 2628 597 2697 (opt.
616 2650 723 2698 gen.
745 2650 811 2683 or.
830 2632 862 2695 ἓ
884 2627 976 2699 14)
994 2650 1093 2683 11011
1116 2635 1266 2683 verba
1291 2635 1674 2693 annumeranda,
1700 2633 1784 2682 sed

215 2820 258 2875 1)
287 2818 447 2863 Editio
477 2818 674 2875 picturis
704 2818 970 2862 initialibus
999 2819 1063 2862 Io.
1089 2818 1328 2863 Holbeinii
1359 2821 1531 2863 ornata
1556 2820 1640 2862 est.

213 2878 257 2932 2)
289 2877 388 2921 Hac
419 2877 625 2922 editione
657 2891 778 2933 quae
809 2891 950 2934 penes
981 2893 1055 2921 me
1089 2880 1160 2921 est
1191 2892 1300 2922 usus
1332 2891 1446 2922 sum.

213 2938 258 2993 3)
293 2936 411 2980 Usus
443 2951 546 2980 sum
569 2936 824 2993 exemplari
852 2936 1168 2981 bibliothecae
1199 2936 1451 2981 nationalis
1483 2936 1735 2980 parisinae.
