2026 3192
4 2888 11 2931 ⁴...
0 1546 17 2867 ,voa-..0·w÷-*mr-ouwwvv-Wx-w--nx--urffwwffvva„
0 1489 4 1514 --
0 1344 6 1459 .--ᾼ,-Ἲ
0 1151 3 1212 -

678 134 923 180 ORESTIS
955 134 1254 179 DEFENSIO
1696 135 1803 188 389

112 292 210 334 κας
256 270 347 325 καὶ
394 270 794 341 διωρισμένους
838 273 969 334 τοὺς
1014 272 1212 334 παῖδας
1260 271 1349 324 καὶ
1396 270 1620 341 πατέρες
1676 292 1805 339 γνη-

113 361 245 424 σίως
291 361 381 414 καὶ
428 361 679 414 σύνοικοι
724 364 1013 414 καλῶνται.
1091 360 1177 414 24.
1223 370 1339 438 πῶς
1385 356 1489 413 οὖν
1535 361 1636 414 οὐκ
1682 361 1806 414 ἄτο-

111 467 236 519 πον,
275 452 405 513 τοὺς
443 446 544 519 μὲν
583 448 684 514 ἔξω
723 452 1022 517 πολεμίους
1060 449 1207 512 ὅπως
1242 448 1597 518 ἀμυνώμεθα,
1628 450 1805 503 πάντα

112 549 290 592 κινεῖν
334 537 424 592 καὶ
471 541 718 609 χρήματα
767 539 988 592 διδόναι
1042 536 1133 591 καὶ
1190 538 1457 607 σωμάτων
1505 538 1805 609 ὑπερορᾶν,

111 630 242 691 τοὺς
280 627 330 681 δ’
369 626 429 682 ἐν
468 627 605 698 μέσῃ
644 636 709 698 τῇ
747 629 904 681 πόλει
942 629 1009 682 τὰ
1041 616 1160 681 ’τῶν
1197 628 1475 697 πολεμίων
1506 635 1805 690 ποιοῦντας
1852 650 1871 682 5

110 717 357 789 τοσούτῳ
398 716 746 788 δεινοτέρους
785 717 895 789 ὅσῳ
937 717 1321 780 λανθάνοντας
1360 715 1481 770 οὐδ’
1527 715 1597 770 ἂν
1629 717 1805 785 φυλάἐ

111 805 314 871 ξασθαι
355 806 584 860 δύναιτό
623 827 721 875 τις,
759 809 889 869 τοὺς
929 803 991 860 δὲ
1030 807 1318 870 τοιούτους
1356 811 1411 859 εἴ
1454 825 1536 868 τις
1575 810 1805 859 καταλα-

110 896 229 963 βὼν
278 895 570 965 ἀμύνοιτο,
618 897 977 965 δικαστήριον
1024 895 1163 966 ὁρᾶν
1207 894 1298 948 καὶ
1345 897 1654 964 κατηγόρου
1692 913 1806 949 πει-

111 989 344 1054 ρᾶσθαι,
393 986 574 1053 ὥσπερ
616 985 1051 1055 ἐγκαλούμενον,
1091 985 1193 1054 ὅτι,
1232 986 1294 1038 τὸ
1335 982 1421 1054 ἐφ’
1469 983 1653 1057 ἑαυτῷ,
1700 1004 1805 1053 φυ-

111 1074 291 1127 λάττει
331 1074 433 1143 μὲν
472 1076 573 1144 τὴν
614 1075 1001 1144 σωφροσύνην-
1032 1082 1096 1145 τῇ
1136 1076 1293 1127 πόλει
1342 1074 1409 1127 οὐ
1455 1075 1630 1143 μόνον
1676 1075 1807 1136 τοὺς
1831 1096 1873 1129 ιο

109 1171 218 1216 νῦν
257 1164 437 1231 ὄντας,
478 1163 614 1217 ἀλλὰ
654 1162 745 1217 καὶ
785 1165 916 1227 τοὺς
953 1162 1255 1233 μέλλοντας
1286 1163 1534 1231 ἀσελγεῖς
1564 1182 1805 1231 προανα-

110 1252 350 1306 στέλλων
403 1260 478 1325 τῷ
526 1253 948 1323 παραδείγματι,
1004 1252 1332 1306 ἀπαλλάττει
1387 1253 1449 1306 δὲ
1493 1251 1584 1306 καὶ
1633 1252 1805 1306 αὑτὸν

111 1341 364 1405 ὀνείδους
403 1352 655 1396 συνεῖναι
694 1351 810 1406 τοῖς
856 1344 1130 1406 τοιούτοις
1162 1335 1303 1396 εἶναι
1340 1340 1502 1406 δόξας
1540 1343 1642 1396 οὐκ
1682 1341 1804 1395 ἀνε-

109 1433 263 1498 κτόν,
316 1432 417 1501 ἤδη
473 1428 533 1484 δὲ
583 1431 673 1484 καὶ
721 1434 851 1494 τοὺς
889 1434 1238 1495 πεπονθότας
1276 1432 1479 1494 αὐτοὺς
1533 1431 1805 1499 εὐεργετεῖ

111 1520 493 1574 ἐπονειδίστου
540 1523 668 1590 βίου
707 1520 875 1588 πέρας
922 1522 1110 1584 αὐτοῖς
1156 1520 1370 1584 ἐπιθεὶς
1422 1522 1512 1574 καὶ
1566 1529 1663 1589 τῆς
1718 1521 1804 1574 ἐπὶ
1829 1542 1871 1575 15

109 1619 224 1672 τοῖς
262 1609 667 1679 πεπραγμένοις
706 1610 929 1674 ἀδοξίας
961 1610 1335 1679 ἀναισθήτους
1366 1620 1565 1679 ποιῶν;
1606 1608 1693 1662 25.
1734 1609 1804 1662 ἂν

111 1697 158 1751 δ’
206 1700 312 1767 ἄρα
357 1719 439 1762 τις
486 1700 675 1763 αὐτοῖς
727 1718 858 1753 ποτε
914 1703 1175 1769 αἰσθησίς
1227 1719 1285 1752 τε
1338 1700 1428 1752 καὶ
1482 1698 1804 1768 μεταμέλεια

109 1795 209 1840 τοῦ
248 1791 590 1857 τολμήματος
628 1790 865 1858 γίνηται,
903 1789 994 1842 καὶ
1034 1796 1107 1861 τῷ
1147 1790 1304 1859 βάρει
1343 1797 1438 1857 τῆς
1478 1789 1742 1857 διαβολῆς
1773 1787 1802 1841 ὁ

109 1877 353 1940 θάνατος
398 1885 493 1946 τῆς
539 1881 695 1946 ζωῆς
722 1879 1091 1949 αἱρετώτερος.
1145 1881 1227 1941 τίς
1273 1878 1378 1947 γὰρ
1419 1876 1479 1930 ἐν
1514 1879 1520 1946 Ι
1555 1885 1620 1947 τῇ
1667 1881 1889 1926 R1V122

231 2074 282 2112 11
317 2068 375 2112 cf.
399 2083 444 2124 p.
470 2072 571 2124 356,
590 2073 642 2112 11

231 2253 252 2291 1
281 2246 629 2305 διωρισμένους]
649 2246 962 2305 ἐγνωσμένους
986 2248 1066 2292 καὶ
1090 2247 1455 2306 κεχωρισμένους
1479 2260 1694 2304 suprascr
1713 2249 1793 2292 My

228 2430 253 2468 2
286 2428 538 2470 καλοῦνται
571 2426 677 2470 HV
752 2428 967 2470 καλοῖντο
1002 2427 1076 2470 La
1115 2426 1196 2470 sed
1236 2432 1363 2470 οῖντο
1402 2425 1452 2468 in
1486 2439 1561 2468 ras
1594 2425 1677 2480 ιη’,
1717 2427 1800 2470 Μα

109 2485 190 2528 sed
222 2492 286 2528 ῶν
319 2499 459 2541 supra.
491 2501 564 2529 οιν
597 2484 677 2538 m',
713 2485 767 2529 Ol
909 2490 934 2529 6
966 2492 1159 2529 τοσοῦτο
1194 2485 1247 2530 01
1273 2487 1277 2539 Ι
1308 2483 1418 2529 ὅσον
1450 2485 1676 2530 LaMaCz

109 2547 135 2587 8
167 2545 246 2588 καὶ
271 2558 347 2588 om
381 2546 420 2588 V
537 2548 562 2587 9
590 2543 924 2600 ἐγκαλούμενος
951 2546 1039 2589 Μα
1064 2545 1144 2588 sed
1169 2560 1249 2594 νος
1272 2544 1321 2586 in
1345 2558 1420 2587 ras
1444 2544 1515 2587 m⁸
1636 2549 1690 2588 10
1714 2544 1798 2600 τὴν

109 2603 416 2659 σωφροσύνην
445 2610 500 2660 τῇ
532 2601 670 2647 πόλει.
695 2604 882 2660 reposui
914 2617 938 2647 e
970 2603 1103 2646 libris
1163 2610 1219 2660 τῇ
1253 2603 1531 2662 σωφροσύνῃ
1555 2603 1640 2659 τὴν
1666 2603 1799 2647 πόλιν

109 2662 201 2706 edd
346 2667 398 2705 12
440 2662 584 2706 αὑτὸν
624 2662 787 2719 scripsi
819 2676 843 2706 e
885 2664 953 2707 Va
966 2664 1114 2707 ViMa
1154 2663 1237 2706 sed
1275 2662 1324 2705 in
1359 2660 1479 2706 hoc‘
1511 2677 1535 2706 e
1555 2661 1567 2677 '
1599 2676 1700 2706 corr
1729 2662 1800 2705 m⁸

166 2721 311 2765 αὐτὸν
349 2721 519 2777 reliqui
559 2721 668 2764 libri
700 2722 790 2765 edd
936 2728 991 2766 14
1031 2719 1322 2771 πεποιθότας
1352 2722 1454 2765 Μοι·
1598 2726 1652 2764 15
1688 2735 1798 2765 voce

109 2778 423 2825 ἐπονειδίστου
455 2795 613 2824 rursus
646 2780 722 2824 ine
753 2794 876 2824 man.
910 2795 1028 2825 saec.
1055 2781 1094 2823 X
1126 2780 1194 2824 fol
1219 2785 1274 2823 54
1298 2780 1348 2824 in
1373 2781 1447 2824 La
1522 2832 1526 2834 v
1571 2785 1624 2824 16
1658 2778 1718 2824 ἂν
1741 2807 1795 2812 -

110 2843 164 2881 19
196 2838 494 2895 αἱρετώτερος
529 2854 603 2883 om
636 2841 987 2886 LaMViMaCl
1017 2840 1119 2884 Mor
1242 2844 1294 2883 17
1329 2837 1375 2885 δ’
1412 2854 1485 2884 om
1527 2840 1643 2884 VaB
1685 2840 1692 2898 Ι
1729 2837 1799 2890 τίς

109 2898 206 2941 ΗΒ
266 2899 336 2949 τὶς
376 2901 443 2944 Va
493 2901 498 2954 Ι
547 2898 660 2943 ποτὲ
691 2900 850 2949 αὐτοῖς
882 2901 950 2943 Va
999 2902 1005 2954 Ι
1056 2899 1215 2949 αὐτοῖς
1247 2913 1322 2942 om
1347 2900 1392 2943 B
1527 2903 1581 2942 18
1614 2896 1798 2955 γίνηται

110 2956 274 3012 scripsi
347 2955 523 3014 γίνοιτο
548 2959 605 3002 H
611 2959 727 3001 VVa
758 2959 825 3001 Re
899 2958 1077 3016 γένοιτο
1112 2959 1156 3001 Β
1303 2962 1356 3002 19
1388 2965 1469 3015 τῆς
1500 2961 1616 3014 ζωῆς
1647 2972 1722 3002 om
1752 2959 1798 3002 B
