2054 3192
232 125 303 177 22
733 125 961 170 LIBANII
991 125 1380 172 DECLAMATIO
1413 128 1434 170 I

231 261 495 327 εὔδαιμον
533 262 865 330 ἡγήσασθαι,
906 265 1136 328 νομίσας
1177 260 1237 315 δὲ
1277 264 1500 316 πάντων
1540 260 1682 317 εἶναι
1722 266 1921 334 κτημά-

228 370 341 402 των
388 349 669 422 ἀνθρώπῳ
715 352 1012 403 θειότατον
1058 352 1158 419 τὴν
1205 353 1389 420 ψυχὴν
1427 351 1519 405 καὶ
1569 355 1669 406 τὸν
1714 355 1922 422 ταύτην

227 439 484 505 καθαρὰν
522 442 714 501 κακίας
745 441 1121 508 παρεχόμενον
1152 447 1353 493 τοῦτον
1385 437 1527 494 εἶναι
1559 443 1657 494 τὸν
1689 443 1762 504 ὡς
1794 443 1921 511 ἀλη-

228 532 345 589 θῶς
377 527 695 595 εὐδαίμονα,
733 528 1014 580 δύνασθαι
1051 525 1111 581 δὲ
1151 532 1342 591 κακίας
1365 530 1549 598 ψυχὴν
1583 529 1922 599 ἐλευθεροῦν

176 634 204 667 ’5
229 617 571 684 φιλοσοφίαν
611 615 702 669 καὶ
743 624 906 670 τοῦτο
949 617 1086 687 αὐτῇ
1125 617 1388 685 μέγιστον
1420 616 1748 688 ἐξευρῆσθαι
1782 620 1922 689 φάρ-

225 724 418 773 μακον,
471 703 556 773 ἀφ’
605 700 684 757 ὧν
734 705 835 774 μὲν
881 701 951 772 ἦν
989 713 1212 775 τρυφᾶν
1258 704 1348 758 καὶ
1396 707 1701 776 δύνασθαι,
1751 716 1922 762 ταῦτα

227 791 433 863 ἑτέροις
472 793 665 862 ἀφῆκε,
715 792 780 847 δι’
834 789 914 847 ὧν
961 791 1021 846 δὲ
1068 790 1137 863 ἧν
1175 791 1349 862 μηδὲν
1395 802 1469 866 τῷ
1522 797 1730 864 σώματι
1770 817 1922 866 χαρι-

228 883 455 950 ζόμενον
494 883 673 935 πάντα
712 884 919 952 τρόπον
958 885 1058 951 τὴν
1097 884 1284 951 ψυχὴν
1323 881 1527 952 ἀμείνω
1579 894 1784 953 ποιεῖν,
1834 885 1918 938 ἐπὶ

228 978 399 1024 ταῦτα
437 967 547 1039 ἧκε.
629 971 710 1022 16.
752 973 813 1024 τὸ
853 968 954 1039 μὲν
994 967 1098 1024 οὖν
1136 972 1239 1039 τὴν
1276 979 1376 1024 τοῦ
1421 973 1670 1042 οὐρανοῦ
1711 975 1922 1043 διερευ-

161 1079 205 1112 10
228 1065 439 1113 νᾶσθαι
478 1061 655 1128 φύσιν
701 1060 793 1112 καὶ
839 1061 938 1114 τὸν
984 1061 1144 1128 ἥλιον
1184 1060 1213 1113 ὅ
1253 1079 1305 1112 τι
1355 1060 1491 1113 ποτέ
1534 1060 1648 1113 ἐστι
1695 1071 1922 1115 σκοπεῖν

224 1149 314 1200 καὶ
361 1149 485 1215 περὶ
532 1157 628 1216 τῆς
676 1151 908 1218 σελήνης
955 1149 1304 1218 ἀνευρίσκειν
1358 1152 1560 1218 λόγους
1605 1150 1696 1203 καὶ
1742 1153 1922 1204 πόθεν

228 1236 498 1306 ἀστραπαὶ
552 1238 643 1290 καὶ
697 1238 754 1290 τί
803 1239 865 1291 τὸ
919 1241 1165 1307 βροντᾶν
1218 1246 1443 1306 ποιοῦν,
1500 1239 1602 1306 τὴν
1648 1239 1750 1307 μὲν
1795 1238 1920 1308 περὶ

225 1333 395 1378 ταῦτα
435 1327 727 1395 διατριβὴν
759 1323 932 1396 ἔφυγε
962 1330 1201 1394 νομίζων
1231 1327 1465 1396 μάταιον
1496 1328 1714 1380 ἅπασαν
1743 1329 1922 1396 μάθη-

227 1427 318 1467 σιν
358 1414 447 1483 ἀφ’
491 1411 556 1483 ἧς
596 1416 764 1468 οὐδὲν
804 1414 873 1468 ἂν
912 1413 1081 1484 ἔργον
1119 1424 1235 1478 τοῖς
1267 1414 1650 1482 ἐπισταμένοις
1680 1402 1938 1485 γένοιτο·Δ

158 1522 200 1557 15
227 1501 313 1556 ἐπὶ
362 1501 422 1556 δὲ
475 1505 536 1557 τὸ
599 1507 774 1573 ζητεῖν
828 1505 888 1557 τὸ
942 1506 1159 1558 δίκαιον
1217 1503 1308 1557 καὶ
1361 1508 1485 1558 τίνα
1531 1506 1633 1575 χρὴ
1680 1509 1922 1575 νομίζειν

228 1592 490 1663 ἀνδρεῖον
529 1594 619 1646 καὶ
650 1597 733 1656 τίς
764 1595 987 1656 εἰκότως
1019 1592 1090 1646 ἂν
1120 1597 1342 1646 καλοῖτο
1376 1595 1565 1662 σοφός,
1598 1593 1627 1646 ὃ
1660 1593 1921 1662 μέγιστον

225 1691 337 1734 τῶν
383 1682 615 1751 ἀγαθῶν
661 1681 752 1735 καὶ
799 1682 930 1754 οἴκῳ
978 1681 1069 1736 καὶ
1115 1685 1273 1735 πόλει
1327 1681 1419 1735 καὶ
1465 1689 1634 1735 πᾶσιν
1676 1680 1920 1751 ἔθνεσιν,

226 1769 313 1823 ἐπὶ
367 1779 538 1823 ταῦτα
593 1773 811 1841 ὥρμησε
864 1770 955 1824 καὶ
1008 1771 1226 1833 τούτοις
1282 1769 1526 1840 ἐνέμεινε
1583 1771 1919 1824 διδάσκαλον

345 1982 367 2019 1
409 1976 527 2020 Plat.
563 1976 684 2033 apol.
718 1991 762 2032 p.
798 1977 930 2031 30133
977 1976 1173 2020 Phaedr.
1210 1991 1253 2033 p.
1289 1981 1373 2019 241
1393 1975 1447 2030 ῦς
1495 1974 1574 2032 leg
1605 1975 1647 2019 V
1678 1990 1722 2031 p.
1752 1975 1916 2029 726A;

227 2036 362 2079 731G
499 2041 523 2079 6
556 2035 670 2080 Xen.
706 2050 869 2080 comm.
901 2036 923 2079 I
954 2040 1040 2089 2,4
1177 2038 1202 2077 9
1244 2034 1363 2079 Plat.
1397 2034 1518 2090 apol.
1553 2050 1597 2091 p.
1635 2039 1688 2077 19
1708 2033 1754 2079 C.
1802 2034 1917 2077 Xen.

227 2108 388 2138 comm.
414 2094 435 2137 I
468 2101 508 2149 1,
525 2100 577 2139 11
597 2110 664 2151 sq.
705 2095 840 2152 Diog.
874 2095 922 2138 L.
949 2095 991 2138 II
1017 2099 1057 2150 5,
1084 2099 1123 2148 6,
1151 2099 1203 2137 21
1330 2099 1384 2137 15
1419 2094 1533 2138 Xen.
1569 2108 1731 2138 comm.
1755 2094 1777 2137 Ι
1803 2099 1842 2148 1,
1863 2097 1917 2136 16

287 2157 340 2196 18
373 2153 491 2197 Plat.
527 2154 648 2211 apol.
681 2170 725 2210 p.
761 2159 816 2197 33
834 2154 888 2198 A.
929 2154 1043 2197 Xen.
1078 2168 1241 2198 comm.
1274 2153 1295 2196 Ι
1326 2158 1412 2208 2,3

344 2349 369 2388 3
403 2346 659 2401 ὡσαληθῶς
691 2348 736 2391 Β
872 2352 899 2390 4
932 2347 983 2391 δὲ
1016 2361 1091 2390 om
1133 2347 1248 2391 VaB
1388 2350 1411 2388 7
1453 2345 1636 2401 ἀφῆκεν
1668 2343 1857 2388 AthUB

225 2408 250 2447 9
277 2401 362 2449 οὖν
385 2405 560 2449 inserui
586 2418 610 2447 e
637 2405 948 2450 MaAthVaB
973 2420 1078 2449 cum
1102 2405 1206 2461 Rog
1267 2419 1342 2449 om
1377 2404 1539 2450 UMor
1554 2403 1623 2446 Re
1747 2406 1800 2445 10
1827 2399 1850 2446 ὅ
1874 2418 1918 2445 τι

225 2463 390 2519 scripsi
422 2477 447 2507 e
479 2465 525 2507 B
558 2478 660 2507 cum
693 2464 797 2521 Rog
875 2462 944 2508 ὅτι
982 2464 1153 2520 reliqui
1184 2464 1294 2507 libri
1326 2463 1429 2507 Mor
1444 2463 1510 2506 Re
1636 2466 1689 2504 12
1732 2461 1816 2518 μὲν
1846 2461 1916 2503 in-

226 2522 349 2566 serui
374 2536 399 2565 e
426 2523 704 2567 MaAthUB
731 2538 836 2567 cum
860 2523 965 2580 Rog
1027 2538 1102 2566 om
1137 2525 1206 2567 Va
1236 2523 1338 2567 Mor
1353 2523 1422 2566 Re
1547 2526 1598 2565 13
1633 2520 1823 2564 ἅπασαν
1845 2533 1918 2563 re-

223 2581 361 2637 posui
386 2595 411 2625 e
434 2581 566 2624 libris
592 2595 696 2624 cum
720 2582 825 2639 Rog
884 2590 997 2626 πᾶσι
1022 2582 1124 2625 Mor
1140 2582 1207 2625 Re
1268 2589 1427 2625 πᾶσαν
1453 2580 1656 2623 Sintenis
1778 2583 1831 2621 14
1859 2576 1917 2622 ἃν

226 2640 360 2696 ἔργον
393 2640 557 2697 scripsi
590 2641 858 2684 auctoribus
889 2641 1100 2685 Iacobsio
1124 2641 1236 2685 Lect
1268 2645 1353 2685 193
1379 2642 1484 2696 App
1508 2639 1620 2683 Pors
1645 2642 1730 2681 320
1763 2636 1858 2681 Not
1891 2642 1915 2680 7

225 2702 273 2743 et
305 2698 479 2744 Cobeto
511 2699 682 2743 Mnem.
714 2700 778 2743 III
811 2705 894 2743 143
931 2714 1036 2743 cum
1067 2700 1172 2757 Rog
1248 2698 1438 2756 ἐνεργὸν
1477 2697 1587 2741 libri
1618 2695 1803 2740 MorRe
1835 2696 1917 2752 qui

225 2759 365 2803 οὐδὲν
410 2758 545 2815 ἔργον
590 2759 694 2801 coni
744 2762 749 2814 Ι
798 2766 896 2808 τοῖς
939 2773 1014 2803 om
1056 2759 1220 2803 UVaB
1271 2761 1276 2815 Ι
1326 2755 1599 2812 ἐπισταμένο
1637 2773 1660 2806 ς
1697 2768 1803 2798 cum
1841 2769 1915 2798 ras

227 2823 249 2861 1
284 2817 364 2860 litt
404 2818 450 2862 U
519 2817 827 2874 ἐπισταμένας
868 2819 934 2862 Va
1074 2822 1127 2859 15
1172 2817 1249 2862 ἐπὶ
1285 2815 1473 2872 reposui
1505 2829 1530 2858 e
1560 2814 1693 2858 libris
1726 2815 1915 2857 auctore

224 2875 292 2919 Re
333 2890 438 2919 cum
474 2876 577 2932 Rog
655 2876 754 2920 ἐπεὶ
793 2876 896 2920 Mor
911 2876 979 2920 Re
1022 2877 1028 2932 Ι
1069 2874 1114 2919 τί
1152 2874 1340 2919 δίκαιον
1371 2874 1477 2919 coni
1508 2874 1612 2930 Rog
1675 2878 1728 2916 16
1762 2872 1914 2931 (καὶ)

227 2933 251 2980 ὃ
285 2933 440 2978 Gasda
564 2939 617 2978 18
650 2935 730 2979 καὶ
760 2935 943 2985 τούτοις
974 2934 1176 2991 ἐνέμεινε
1207 2935 1258 2978 in
1287 2948 1421 2991 marg
1454 2935 1544 2978 Ma
