2054 3192
279 151 385 204 134
762 149 990 194 LIBANII
1019 148 1410 193 DECLAMATIO
1443 149 1484 193 Π

279 287 361 341 14.
410 285 576 355 ἐδέθη
616 283 745 338 ποτε
783 284 874 338 καὶ
914 284 1227 354 Μιλτιάδης
1264 283 1391 355 παρ’
1438 285 1588 354 ὑμῖν,
1629 286 1729 339 οὐκ
1763 285 1969 340 ἐσιώπα

186 381 288 424 Mor
303 396 348 437 p.
369 385 455 424 214
489 371 549 428 δὲ
589 372 895 443 δεδεμένος.
934 372 1392 442 κατεψηφίσασθέ
1426 392 1556 427 ποτε
1606 374 1612 444 Ι
1657 384 1770 427 τῶν
1809 374 1971 429 ἐννέα

277 473 599 534 στρατηγῶν
640 462 846 516 ἀθώων
893 464 1124 525 ἄκοντος
1170 463 1260 515 καὶ
1306 463 1378 531 μὴ
1426 471 1834 527 κοινωνοῦντος
1875 473 1973 534 τῆς

276 555 620 623 παρανομίας
666 551 876 620 ἐκείνης
917 552 1274 621 Σωκράτους,
1323 550 1461 604 ἀλλὰ
1507 553 1607 606 τὸν
1652 554 1828 621 νόμον
1874 561 1971 622 τῆς

186 647 288 691 Mor
304 662 348 704 p.
369 651 453 690 216
487 641 654 712 ὀργῆς
693 641 818 709 περὶ
857 643 1112 703 πλειόνος
1141 639 1500 709 ποιουμένου,
1542 641 1548 710 Ι
1589 643 1969 711 καταψηφισά-

234 753 253 785 6
279 751 435 798 μενοι
470 729 520 782 δ’
560 726 663 783 οὖν
697 728 817 783 οὐδ’
858 729 1090 791 ἐκείνοις
1129 737 1345 782 σιωπᾶν
1375 728 1674 793 ἐπετάξατε.
1749 730 1830 783 15.
1865 732 1970 784 δει-

211 1109 252 1140 10

214 1554 253 1585 15

277 821 379 874 νὸν
435 819 519 888 δέ,
576 819 707 872 ὅταν
761 828 874 871 τῶν
929 818 1299 887 ἀνδροφόνων
1360 819 1450 871 καὶ
1515 819 1818 885 ἱεροσύλων
1878 813 1970 873 καὶ

276 910 566 978 προδοτῶν
606 908 694 960 καὶ
734 917 846 960 τῶν
885 908 951 959 τά
989 906 1218 976 μέγιστα
1257 909 1396 961 κακὰ
1439 910 1851 976 τετολμηκότων
1889 910 1971 961 δί-

277 1019 381 1066 κην
433 997 534 1064 μὲν
586 997 878 1065 διδόντων,
935 1006 1150 1049 σιωπᾶν
1214 993 1273 1049 δὲ
1333 994 1425 1049 καὶ
1487 998 1559 1065 μὴ
1613 996 1972 1065 διαλέγεσθαι

277 1085 654 1155 κελευομένων
692 1086 799 1138 ὑπὸ
839 1087 1099 1155 μηδενός,
1139 1085 1278 1138 ἀλλὰ
1314 1094 1427 1139 τῶν
1471 1082 1573 1152 μὲν
1611 1085 1970 1154 ε’πισκηπτόν-

277 1196 389 1228 των
420 1184 537 1239 τοῖς
570 1175 870 1245 φιλτάτοις,
908 1184 1021 1228 τῶν
1054 1171 1115 1227 δὲ
1146 1183 1262 1236 τοῖς
1294 1175 1514 1236 οἰκείοις
1547 1174 1972 1243 διαλεγομένων,

278 1274 390 1318 τῶν
430 1261 491 1317 δὲ
522 1273 636 1326 τοῖς
669 1265 855 1332 φίλοις
886 1263 975 1316 καὶ
1009 1272 1124 1325 τοῖς
1155 1261 1491 1332 ἀναγκαίοις,
1530 1263 1714 1316 ἄλλων
1749 1263 1810 1315 δὲ
1841 1266 1972 1326 τοὺς

278 1354 448 1415 θεοὺς
496 1352 949 1420 ἀνακαλούντων,
1006 1350 1207 1418 ἑτέρων
1254 1349 1315 1404 δὲ
1361 1353 1462 1420 τὴν
1514 1350 1725 1405 ἑαυτῶν
1771 1361 1973 1421 μοῖραν

279 1439 638 1511 ὀδυρομένων
678 1439 761 1493 ἑνὶ
800 1443 951 1512 μόνῳ
990 1441 1167 1512 τούτῳ
1207 1450 1318 1494 τῶν
1358 1440 1416 1494 ἐκ
1454 1442 1659 1504 παντὸς
1704 1449 1802 1494 τοῦ
1846 1443 1971 1510 χρό-

279 1550 381 1583 νου
421 1532 899 1600 προσταχθήσεται
938 1528 1322 1601 τεθνηξομένῳ
1362 1531 1434 1598 μὴ
1476 1533 1663 1583 λαλεῖν
1702 1537 1776 1601 τῷ
1816 1530 1972 1597 μάλι-

280 1633 380 1671 στα
420 1622 608 1671 λαλεῖν
649 1617 796 1690 ἀξίῳ.

400 1799 421 1836 1
458 1793 506 1837 of
532 1809 577 1850 p.
606 1798 749 1848 104,4
873 1799 897 1836 2
932 1793 989 1838 cf.
1014 1809 1059 1850 p.
1090 1798 1188 1848 120,
1208 1799 1276 1837 13.
1310 1793 1423 1837 Xon.
1452 1807 1614 1838 comm.
1640 1793 1661 1836 Ι
1681 1798 1719 1847 1,
1739 1798 1793 1836 18

404 1962 425 1999 1
462 1955 685 2013 ἐδέθη-
715 1962 768 2000 16
803 1953 916 2016 ἀξίῳ
949 1956 1066 2000 citab
1088 1956 1246 2000 Ioann.
1271 1956 1451 2012 Doxap
1478 1969 1641 2000 comm.
1669 1956 1728 1998 ad
1753 1955 1969 2014 Hermog.

281 2016 338 2060 de
378 2016 467 2059 inv.
493 2015 557 2059 IV
584 2021 606 2058 1
648 2015 801 2072 (Rhet.
835 2030 901 2073 gr.
935 2017 968 2060 t.
994 2015 1125 2072 111p
1132 2020 1267 2070 .145‚
1288 2020 1342 2058 16
1375 2014 1685 2069 Wa123t.11
1723 2030 1767 2072 p.
1797 2020 1896 2071 234,
1915 2019 1971 2058 20

281 2075 309 2118 S
311 2078 469 2132 p.eng)
509 2075 608 2119 cod.
649 2075 835 2119 Barocc.
866 2080 948 2119 175
989 2075 1055 2118 fol
1090 2080 1195 2129 1753
1243 2075 1342 2118 Par.
1374 2079 1488 2117 2922
1535 2074 1602 2119 fol
1635 2078 1718 2118 231
1767 2073 1973 2131 (Cramer

280 2134 453 2178 Aneod.
481 2133 562 2178 Ox.
587 2134 652 2178 IV
686 2139 784 2188 164,
805 2139 827 2177 7
849 2149 915 2190 sq
951 2134 1000 2178 cf
1026 2134 1267 2190 Melanges
1301 2133 1457 2177 Graux
1486 2149 1530 2191 p.
1559 2137 1643 2177 629
1662 2135 1747 2190 sq.)
1780 2134 1859 2177 καὶ
1889 2134 1973 2178 τὸν

279 2193 507 2251 Λιβάνιον
541 2189 678 2248 εὗρον
709 2194 855 2252 τούτῳ
889 2196 966 2252 (τῶ
998 2192 1223 2238 ἁπλοῦντι
1257 2193 1468 2250 σχήματι)
1500 2192 1792 2251 χρησάμενον
1833 2193 1883 2237 ἐν
1915 2195 1979 2252 τῷ

279 2259 361 2296 τοῦ
396 2252 676 2306 Σωκράτους
707 2239 926 2308 ζητήματι
956 2260 1040 2297 τοῦ
1072 2251 1366 2326 κωλυομένου
1399 2253 1448 2296 ἐν
1466 2256 1543 2324 τῷ
1568 2249 1862 2310 δεσμωτηρίῳ
1895 2268 1971 2307 φι-

279 2314 517 2367 λοσοφεῖν’
551 2312 632 2356 καὶ
663 2311 751 2368 γὰρ
785 2312 881 2356 ἐκεῖ
911 2312 1005 2356 ἐστι
1036 2311 1119 2368 μὲν
1152 2309 1425 2369 ἐπιχείρημα
1464 2309 1534 2355 ὅτι
1575 2311 1629 2355 οὔ
1663 2312 1736 2355 δεῖ
1764 2311 1871 2360 τοὺς
1902 2326 1971 2354 τε-

281 2374 534 2422 λευτῶντας
565 2368 703 2427 δίκην
736 2369 938 2426 διδόναι,
973 2368 1042 2414 ὅτι
1076 2373 1373 2420 τελευτῶντες
1412 2369 1724 2426 φθέγγονται,
1764 2366 1862 2414 εἶτα
1902 2370 1971 2425 έρ-

281 2428 420 2504 γασία
440 2430 489 2473 ἐκ
505 2427 914 2486 παραδείγματος
900 2427 968 2474 ότι
994 2429 1166 2486 ἐδέθη
1192 2432 1271 2473 κτλ
1290 2456 1343 2461 —-
1361 2434 1387 2472 2
1405 2427 1710 2485 δεδεμένος
1733 2429 1813 2471 καὶ
1829 2427 1972 2472 πάλιν

284 2487 414 2543 ἑτέρα
441 2487 650 2544 ἐργασία·
685 2490 1166 2545 κατεψηφίσασθε
1190 2491 1283 2532 κτλ.
1310 2514 1365 2520 -
1393 2493 1418 2531 6
1438 2487 1764 2542 ἐπετάξατε,
1797 2483 1896 2531 εἶτα
1918 2487 1971 2531 τὸ

283 2547 529 2604 ἐνθύμημα
561 2546 838 2604 ἡπλωμένως
871 2546 1132 2615 ἐξενεχθὲν·
1189 2545 1381 2592 δεινὸν
1413 2546 1473 2591 δὲ
1516 2545 1650 2591 ὅταν
1682 2549 1774 2589 κτλ.
1813 2547 1820 2600 Ι
1859 2545 1971 2601 ἡμῖν

282 2606 382 2649 Dox
426 2612 430 2660 Ι
475 2607 560 2650 οὐκ
594 2606 766 2650 ἐσιώπα
798 2606 849 2650 δὲ
882 2606 1048 2662 scripsi
1080 2620 1104 2650 e
1139 2607 1228 2651 Ma
1259 2606 1360 2650 Dox
1428 2606 1508 2649 καὶ
1540 2606 1625 2650 οὐκ
1658 2605 1832 2650 ἐσιώπα
1867 2602 1972 2649 ΜΒ

282 2665 384 2708 Μο1·
528 2669 552 2707 2
585 2680 696 2710 ποτε
729 2666 903 2709 inserui
935 2678 960 2709 e
991 2666 1093 2708 Dox
1167 2680 1241 2709 om
1271 2665 1381 2708 libri
1412 2665 1514 2709 Mor
1656 2669 1681 2706 3
1715 2664 1889 2707 ἀθώων
1914 2690 1969 2695 -

284 2730 309 2767 5
334 2723 617 2798 ποιουμένου
641 2738 716 2767 om
740 2724 841 2768 Dox
901 2723 1061 2768 ἀθέων
1090 2726 1151 2768 Μ
1173 2726 1178 2780 Ι
1207 2723 1403 2773 ἄκοντος
1427 2723 1591 2779 scripsi
1652 2722 1856 2773 εἴκοντος
1881 2725 1973 2767 Μα

343 2780 525 2832 ἑκόντες
559 2783 663 2827 ΜΒ
695 2783 796 2827 Mor
823 2787 830 2840 Ι
866 2790 1200 2855 κοινωνοῦντες
1232 2785 1277 2827 Β
1399 2788 1424 2826 5
1457 2782 1730 2838 ποιούμενοι
1765 2783 1852 2826 Ma

284 2846 309 2884 8
336 2842 391 2885 τὰ
416 2839 497 2899 μέγ
502 2842 624 2899 ιστα]
651 2841 765 2884 ἄλλα
789 2842 890 2886 Dox
917 2844 923 2898 Ι
951 2841 1074 2885 κακὰ
1098 2842 1223 2885 inser
1248 2841 1360 2886 Ma²
1482 2845 1536 2884 10
1560 2839 1860 2896 κωλυομένων
1883 2837 1965 2883 ὑπ’

284 2899 477 2950 οὐδενός
499 2899 601 2944 Dox
627 2903 632 2956 Ι
662 2899 1031 2945 ἐπισκεπτόντων
1065 2902 1202 2945 ΜαΒ
1325 2905 1377 2943 12
1410 2899 1558 2944 ἄλλων
1586 2901 1674 2943 Μα
1705 2899 1786 2943 sed
1817 2916 1845 2943 ν
1877 2898 1971 2942 add

283 2974 328 3001 m
352 2972 428 3002 rec
553 2963 605 3001 14
640 2959 715 3003 ἐπὶ
739 2959 839 3002 Dox
866 2962 872 3015 Ι
901 2961 951 3003 ἐκ
974 2965 1056 3003 τοῦ
1086 2959 1263 3010 παντὸς
1285 2966 1367 3002 τοῦ
1392 2960 1438 3003 Β
1562 2962 1614 3001 15
1647 2956 1972 3016 τεθνηξομένῳ
