<?xml version="1.0" encoding="UTF-8"?>
<!DOCTYPE html PUBLIC "-//W3C//DTD XHTML 1.0 Transitional//EN"
    "http://www.w3.org/TR/xhtml1/DTD/xhtml1-transitional.dtd">
<html xmlns="http://www.w3.org/1999/xhtml" xml:lang="en" lang="en">
 <head>
  <title>
</title>
<meta http-equiv="Content-Type" content="text/html;charset=utf-8" />
  <meta name='ocr-system' content='tesseract 3.04.00' />
  <meta name='ocr-capabilities' content='ocr_page ocr_carea ocr_par ocr_line ocrx_word'/>
</head>
<body>
  <div class='ocr_page' id='page_1' title='image "./operarecensuitri05libauoft/operarecensuitri05libauoft_0488.png"; bbox 0 0 2026 3192; ppageno 0'>
   <div class='ocr_carea' id='block_1_1' title="bbox 241 105 1454 157">
    <p class='ocr_par' dir='ltr' id='par_1_1' title="bbox 241 105 1454 157">
     <span class='ocr_line' id='line_1_1' title="bbox 241 105 1454 157; baseline -0.006 0"><span class='ocrx_word' id='word_1_1' title='bbox 241 105 350 157; x_wconf 83' lang='lat'><strong><em>478</em></strong></span> <span class='ocrx_word' id='word_1_2' title='bbox 710 105 939 150; x_wconf 89' lang='lat' dir='ltr'><strong>LIBANII</strong></span> <span class='ocrx_word' id='word_1_3' title='bbox 969 105 1360 151; x_wconf 82' lang='lat' dir='ltr'><strong>DECLAMATIO</strong></span> <span class='ocrx_word' id='word_1_4' title='bbox 1391 107 1454 151; x_wconf 88' lang='lat' dir='ltr'><strong><em>IX</em></strong></span> 
     </span>
    </p>
   </div>
   <div class='ocr_carea' id='block_1_2' title="bbox 151 240 1934 1911">
    <p class='ocr_par' dir='ltr' id='par_1_2' title="bbox 151 240 1934 1911">
     <span class='ocr_line' id='line_1_2' title="bbox 240 240 1934 313; baseline 0.002 -19"><span class='ocrx_word' id='word_1_5' title='bbox 240 240 326 294; x_wconf 82' lang='grc' dir='ltr'><strong><em>καὶ</em></strong></span> <span class='ocrx_word' id='word_1_6' title='bbox 377 244 560 311; x_wconf 82' lang='grc' dir='ltr'><strong><em>νόμιζε</em></strong></span> <span class='ocrx_word' id='word_1_7' title='bbox 607 240 818 311; x_wconf 90' lang='grc' dir='ltr'><strong><em>σπέρμα</em></strong></span> <span class='ocrx_word' id='word_1_8' title='bbox 865 242 1079 294; x_wconf 87' lang='grc' dir='ltr'><strong><em>τούτων</em></strong></span> <span class='ocrx_word' id='word_1_9' title='bbox 1125 241 1388 309; x_wconf 80' lang='grc' dir='ltr'><strong><em>γενέσθαι</em></strong></span> <span class='ocrx_word' id='word_1_10' title='bbox 1434 244 1535 311; x_wconf 85' lang='grc' dir='ltr'><strong><em>τὴν</em></strong></span> <span class='ocrx_word' id='word_1_11' title='bbox 1581 243 1934 313; x_wconf 81' lang='grc' dir='ltr'><strong><em>ἀποκήρυξιν.</em></strong></span> 
     </span>
     <span class='ocr_line' id='line_1_3' title="bbox 240 329 1934 401; baseline 0.001 -18"><span class='ocrx_word' id='word_1_12' title='bbox 240 331 310 398; x_wconf 80' lang='grc' dir='ltr'><strong><em>ἣν</em></strong></span> <span class='ocrx_word' id='word_1_13' title='bbox 342 331 457 399; x_wconf 83' lang='grc' dir='ltr'><strong><em>ὥρα</em></strong></span> <span class='ocrx_word' id='word_1_14' title='bbox 487 335 821 384; x_wconf 79' lang='grc' dir='ltr'><em>πεπαῦσθαι.</em></span> <span class='ocrx_word' id='word_1_15' title='bbox 863 330 939 382; x_wconf 82' lang='grc' dir='ltr'><strong><em>οὐ</em></strong></span> <span class='ocrx_word' id='word_1_16' title='bbox 978 331 1096 398; x_wconf 74' lang='grc' dir='ltr'><strong><em>γὰρ</em></strong></span> <span class='ocrx_word' id='word_1_17' title='bbox 1139 330 1257 383; x_wconf 83' lang='grc' dir='ltr'><strong><em>ἀπὸ</em></strong></span> <span class='ocrx_word' id='word_1_18' title='bbox 1297 341 1423 384; x_wconf 86' lang='grc' dir='ltr'><strong><em>τῶν</em></strong></span> <span class='ocrx_word' id='word_1_19' title='bbox 1461 333 1733 401; x_wconf 80' lang='grc' dir='ltr'><strong><em>πρώτων</em></strong></span> <span class='ocrx_word' id='word_1_20' title='bbox 1771 329 1934 401; x_wconf 77' lang='grc' dir='ltr'><strong><em>ἔδει,</em></strong></span> 
     </span>
     <span class='ocr_line' id='line_1_4' title="bbox 151 417 1932 489; baseline 0.004 -23"><span class='ocrx_word' id='word_1_21' title='bbox 151 422 373 468; x_wconf 85' lang='lat' dir='ltr'>RIV385</span> <span class='ocrx_word' id='word_1_22' title='bbox 422 422 612 487; x_wconf 72' lang='grc' dir='ltr'><strong><em>φησίν,</em></strong></span> <span class='ocrx_word' id='word_1_23' title='bbox 650 417 683 486; x_wconf 76' lang='grc' dir='ltr'>ἢ</span> <span class='ocrx_word' id='word_1_24' title='bbox 733 419 739 487; x_wconf 91' lang='grc' dir='ltr'>Ι</span> <span class='ocrx_word' id='word_1_25' title='bbox 790 417 1118 487; x_wconf 78' lang='grc' dir='ltr'><em>δευτέρων</em></span> <span class='ocrx_word' id='word_1_26' title='bbox 1155 418 1187 487; x_wconf 79' lang='grc' dir='ltr'>ἢ</span> <span class='ocrx_word' id='word_1_27' title='bbox 1228 423 1488 489; x_wconf 82' lang='grc' dir='ltr'><strong><em>τρίτων;</em></strong></span> <span class='ocrx_word' id='word_1_28' title='bbox 1538 421 1685 474; x_wconf 79' lang='grc' dir='ltr'><strong><em>πάνυ</em></strong></span> <span class='ocrx_word' id='word_1_29' title='bbox 1726 441 1802 489; x_wconf 78' lang='grc' dir='ltr'><strong><em>γε.</em></strong></span> <span class='ocrx_word' id='word_1_30' title='bbox 1841 420 1932 475; x_wconf 87' lang='grc' dir='ltr'><strong><em>καὶ</em></strong></span> 
     </span>
     <span class='ocr_line' id='line_1_5' title="bbox 238 506 1932 581; baseline 0.002 -22"><span class='ocrx_word' id='word_1_31' title='bbox 238 506 363 576; x_wconf 84' lang='grc' dir='ltr'><strong><em>παρ’</em></strong></span> <span class='ocrx_word' id='word_1_32' title='bbox 412 507 536 576; x_wconf 88' lang='grc' dir='ltr'><strong><em>ἐμοί</em></strong></span> <span class='ocrx_word' id='word_1_33' title='bbox 581 527 642 576; x_wconf 81' lang='grc' dir='ltr'><strong><em>γε</em></strong></span> <span class='ocrx_word' id='word_1_34' title='bbox 689 506 957 560; x_wconf 82' lang='grc' dir='ltr'><strong><em>ἐπέπαυτο</em></strong></span> <span class='ocrx_word' id='word_1_35' title='bbox 1005 506 1095 559; x_wconf 87' lang='grc' dir='ltr'><strong><em>καὶ</em></strong></span> <span class='ocrx_word' id='word_1_36' title='bbox 1149 515 1214 577; x_wconf 75' lang='grc' dir='ltr'><strong><em>τῇ</em></strong></span> <span class='ocrx_word' id='word_1_37' title='bbox 1266 506 1365 577; x_wconf 74' lang='grc' dir='ltr'><strong><em>ἐμῇ</em></strong></span> <span class='ocrx_word' id='word_1_38' title='bbox 1419 511 1586 581; x_wconf 78' lang='grc' dir='ltr'><strong><em>ψήφῳ</em></strong></span> <span class='ocrx_word' id='word_1_39' title='bbox 1632 518 1801 579; x_wconf 81' lang='grc' dir='ltr'><strong><em>μετῆν</em></strong></span> <span class='ocrx_word' id='word_1_40' title='bbox 1843 523 1932 562; x_wconf 85' lang='grc' dir='ltr'><strong><em>σοι</em></strong></span> 
     </span>
     <span class='ocr_line' id='line_1_6' title="bbox 195 593 1933 669; baseline 0.001 -20"><span class='ocrx_word' id='word_1_41' title='bbox 195 616 215 649; x_wconf 83' lang='lat'><strong>5</strong></span> <span class='ocrx_word' id='word_1_42' title='bbox 239 603 335 664; x_wconf 82' lang='grc' dir='ltr'><strong><em>τῆς</em></strong></span> <span class='ocrx_word' id='word_1_43' title='bbox 381 599 572 659; x_wconf 86' lang='grc' dir='ltr'><strong><em>οἰκίας.</em></strong></span> <span class='ocrx_word' id='word_1_44' title='bbox 627 599 849 665; x_wconf 82' lang='grc' dir='ltr'><strong><em>ἔχαιρον</em></strong></span> <span class='ocrx_word' id='word_1_45' title='bbox 903 598 1007 665; x_wconf 79' lang='grc' dir='ltr'><strong><em>γὰρ</em></strong></span> <span class='ocrx_word' id='word_1_46' title='bbox 1057 593 1142 665; x_wconf 85' lang='grc' dir='ltr'><strong><em>ἐφ’</em></strong></span> <span class='ocrx_word' id='word_1_47' title='bbox 1197 595 1402 669; x_wconf 77' lang='grc' dir='ltr'><em>ἑκάστῳ</em></span> <span class='ocrx_word' id='word_1_48' title='bbox 1450 597 1541 650; x_wconf 83' lang='grc' dir='ltr'><strong><em>καὶ</em></strong></span> <span class='ocrx_word' id='word_1_49' title='bbox 1595 598 1933 667; x_wconf 80' lang='grc' dir='ltr'><strong><em>ἡβρυνόμην,</em></strong></span> 
     </span>
     <span class='ocr_line' id='line_1_7' title="bbox 239 682 1933 757; baseline 0.002 -20"><span class='ocrx_word' id='word_1_50' title='bbox 239 685 419 754; x_wconf 82' lang='grc' dir='ltr'><strong><em>ὥσπερ</em></strong></span> <span class='ocrx_word' id='word_1_51' title='bbox 453 684 523 738; x_wconf 74' lang='grc' dir='ltr'><strong><em>ἂν</em></strong></span> <span class='ocrx_word' id='word_1_52' title='bbox 556 688 607 738; x_wconf 83' lang='grc' dir='ltr'><strong><em>εἰ</em></strong></span> <span class='ocrx_word' id='word_1_53' title='bbox 634 682 761 754; x_wconf 86' lang='grc' dir='ltr'><strong><em>παρ’</em></strong></span> <span class='ocrx_word' id='word_1_54' title='bbox 803 685 936 752; x_wconf 86' lang='grc' dir='ltr'><strong><em>ἐμοῦ</em></strong></span> <span class='ocrx_word' id='word_1_55' title='bbox 969 692 1140 738; x_wconf 90' lang='grc' dir='ltr'><strong><em>ταῦτα</em></strong></span> <span class='ocrx_word' id='word_1_56' title='bbox 1171 684 1332 749; x_wconf 81' lang='grc' dir='ltr'><strong><em>ἐξιὼν</em></strong></span> <span class='ocrx_word' id='word_1_57' title='bbox 1364 688 1638 757; x_wconf 77' lang='grc' dir='ltr'><strong><em>ἔπραττες,</em></strong></span> <span class='ocrx_word' id='word_1_58' title='bbox 1673 686 1764 740; x_wconf 87' lang='grc' dir='ltr'><strong><em>καὶ</em></strong></span> <span class='ocrx_word' id='word_1_59' title='bbox 1794 688 1933 756; x_wconf 89' lang='grc' dir='ltr'><strong><em>πρὸς</em></strong></span> 
     </span>
     <span class='ocr_line' id='line_1_8' title="bbox 236 771 1932 845; baseline 0.002 -19"><span class='ocrx_word' id='word_1_60' title='bbox 236 777 366 837; x_wconf 88' lang='grc' dir='ltr'><strong><em>τοὺς</em></strong></span> <span class='ocrx_word' id='word_1_61' title='bbox 391 777 656 843; x_wconf 79' lang='grc' dir='ltr'><em>συνήθεις</em></span> <span class='ocrx_word' id='word_1_62' title='bbox 679 771 827 827; x_wconf 88' lang='grc' dir='ltr'><strong><em>ταῦτ’</em></strong></span> <span class='ocrx_word' id='word_1_63' title='bbox 858 772 1072 842; x_wconf 79' lang='grc' dir='ltr'><strong><em>ἔλεγον·</em></strong></span> <span class='ocrx_word' id='word_1_64' title='bbox 1103 774 1132 828; x_wconf 98' lang='lat'><em>6</em></span> <span class='ocrx_word' id='word_1_65' title='bbox 1156 785 1306 837; x_wconf 79' lang='grc' dir='ltr'><strong><em>παῖς</em></strong></span> <span class='ocrx_word' id='word_1_66' title='bbox 1335 795 1444 844; x_wconf 90' lang='grc' dir='ltr'><strong><em>μοι</em></strong></span> <span class='ocrx_word' id='word_1_67' title='bbox 1477 779 1808 845; x_wconf 79' lang='grc' dir='ltr'><strong><em>νενίκηκε,</em></strong></span> <span class='ocrx_word' id='word_1_68' title='bbox 1839 777 1932 829; x_wconf 81' lang='grc' dir='ltr'><strong><em>καὶ</em></strong></span> 
     </span>
     <span class='ocr_line' id='line_1_9' title="bbox 236 862 1930 932; baseline 0.002 -17"><span class='ocrx_word' id='word_1_69' title='bbox 236 862 426 915; x_wconf 81' lang='grc' dir='ltr'><strong><em>πάλιν·</em></strong></span> <span class='ocrx_word' id='word_1_70' title='bbox 467 863 495 916; x_wconf 97' lang='lat'><em>6</em></span> <span class='ocrx_word' id='word_1_71' title='bbox 542 873 691 926; x_wconf 84' lang='grc' dir='ltr'><strong><em>παῖς</em></strong></span> <span class='ocrx_word' id='word_1_72' title='bbox 744 884 852 930; x_wconf 91' lang='grc' dir='ltr'><strong><em>μοι</em></strong></span> <span class='ocrx_word' id='word_1_73' title='bbox 907 863 1278 932; x_wconf 77' lang='grc' dir='ltr'><strong><em>κεκράτηκε.</em></strong></span> <span class='ocrx_word' id='word_1_74' title='bbox 1329 865 1575 932; x_wconf 84' lang='grc' dir='ltr'><strong><em>τούμοῦ</em></strong></span> <span class='ocrx_word' id='word_1_75' title='bbox 1629 866 1862 928; x_wconf 89' lang='grc' dir='ltr'><strong><em>παιδὸς</em></strong></span> <span class='ocrx_word' id='word_1_76' title='bbox 1901 864 1930 917; x_wconf 90' lang='lat'><em>6</em></span> 
     </span>
     <span class='ocr_line' id='line_1_10' title="bbox 235 948 1931 1022; baseline 0.001 -18"><span class='ocrx_word' id='word_1_77' title='bbox 235 951 431 1019; x_wconf 76' lang='grc' dir='ltr'><strong><em>μέγας</em></strong></span> <span class='ocrx_word' id='word_1_78' title='bbox 485 953 751 1022; x_wconf 78' lang='grc' dir='ltr'><strong><em>ἥττηται</em></strong></span> <span class='ocrx_word' id='word_1_79' title='bbox 807 955 1050 1014; x_wconf 80' lang='grc' dir='ltr'><strong><em>στόλος.</em></strong></span> <span class='ocrx_word' id='word_1_80' title='bbox 1115 948 1294 1006; x_wconf 81' lang='grc' dir='ltr'><strong><em>εἶπεν</em></strong></span> <span class='ocrx_word' id='word_1_81' title='bbox 1349 949 1468 1006; x_wconf 86' lang='grc' dir='ltr'><strong><em>οὗν</em></strong></span> <span class='ocrx_word' id='word_1_82' title='bbox 1529 954 1727 1022; x_wconf 86' lang='grc' dir='ltr'><strong><em>οὑμὸς</em></strong></span> <span class='ocrx_word' id='word_1_83' title='bbox 1788 953 1931 1015; x_wconf 76' lang='grc' dir='ltr'><strong><em>υἱὸς</em></strong></span> 
     </span>
     <span class='ocr_line' id='line_1_11' title="bbox 170 1039 1930 1112; baseline -0.001 -16"><span class='ocrx_word' id='word_1_84' title='bbox 170 1064 213 1097; x_wconf 90' lang='lat'><strong><em>10</em></strong></span> <span class='ocrx_word' id='word_1_85' title='bbox 236 1042 340 1094; x_wconf 84' lang='grc' dir='ltr'><strong><em>καὶ</em></strong></span> <span class='ocrx_word' id='word_1_86' title='bbox 379 1041 658 1095; x_wconf 81' lang='grc' dir='ltr'><strong><em>πέπεικε.</em></strong></span> <span class='ocrx_word' id='word_1_87' title='bbox 713 1044 941 1104; x_wconf 84' lang='grc' dir='ltr'><strong><em>πείσας</em></strong></span> <span class='ocrx_word' id='word_1_88' title='bbox 989 1043 1057 1096; x_wconf 94' lang='grc' dir='ltr'><strong><em>τὸ</em></strong></span> <span class='ocrx_word' id='word_1_89' title='bbox 1098 1039 1295 1112; x_wconf 77' lang='grc' dir='ltr'><strong><em>ἔργον</em></strong></span> <span class='ocrx_word' id='word_1_90' title='bbox 1341 1042 1771 1112; x_wconf 81' lang='grc' dir='ltr'><strong><em>προσέθηκεν.</em></strong></span> <span class='ocrx_word' id='word_1_91' title='bbox 1828 1043 1930 1095; x_wconf 80' lang='grc' dir='ltr'><strong><em>εὔ-</em></strong></span> 
     </span>
     <span class='ocr_line' id='line_1_12' title="bbox 237 1130 1927 1200; baseline 0 -17"><span class='ocrx_word' id='word_1_92' title='bbox 237 1131 474 1199; x_wconf 90' lang='grc' dir='ltr'><strong><em>δαιμον</em></strong></span> <span class='ocrx_word' id='word_1_93' title='bbox 528 1130 817 1199; x_wconf 80' lang='grc' dir='ltr'><strong><em>ἀπέφηνε</em></strong></span> <span class='ocrx_word' id='word_1_94' title='bbox 870 1141 1007 1193; x_wconf 81' lang='grc' dir='ltr'><strong><em>τοῖς</em></strong></span> <span class='ocrx_word' id='word_1_95' title='bbox 1067 1133 1532 1200; x_wconf 81' lang='grc' dir='ltr'><strong><em>κατορθώμασι</em></strong></span> <span class='ocrx_word' id='word_1_96' title='bbox 1595 1133 1664 1185; x_wconf 93' lang='grc' dir='ltr'><strong><em>τὸ</em></strong></span> <span class='ocrx_word' id='word_1_97' title='bbox 1726 1130 1927 1199; x_wconf 76' lang='grc' dir='ltr'><strong><em>γένος.</em></strong></span> 
     </span>
     <span class='ocr_line' id='line_1_13' title="bbox 234 1217 1928 1290; baseline 0.001 -19"><span class='ocrx_word' id='word_1_98' title='bbox 234 1219 320 1272; x_wconf 82' lang='grc'><strong><em>41.</em></strong></span> <span class='ocrx_word' id='word_1_99' title='bbox 360 1228 532 1272; x_wconf 91' lang='grc' dir='ltr'><strong><em>ταῦτα</em></strong></span> <span class='ocrx_word' id='word_1_100' title='bbox 569 1217 778 1288; x_wconf 75' lang='grc' dir='ltr'><strong><em>ἔλεγον,</em></strong></span> <span class='ocrx_word' id='word_1_101' title='bbox 819 1228 989 1273; x_wconf 89' lang='grc' dir='ltr'><strong><em>ταῦτα</em></strong></span> <span class='ocrx_word' id='word_1_102' title='bbox 1027 1222 1249 1288; x_wconf 75' lang='grc' dir='ltr'><strong><em>ἤκουον.</em></strong></span> <span class='ocrx_word' id='word_1_103' title='bbox 1293 1224 1389 1272; x_wconf 88' lang='grc' dir='ltr'><strong><em>καί</em></strong></span> <span class='ocrx_word' id='word_1_104' title='bbox 1422 1240 1568 1283; x_wconf 88' lang='grc' dir='ltr'><strong><em>τινες</em></strong></span> <span class='ocrx_word' id='word_1_105' title='bbox 1605 1223 1928 1290; x_wconf 84' lang='grc' dir='ltr'><strong><em>προσιόντες</em></strong></span> 
     </span>
     <span class='ocr_line' id='line_1_14' title="bbox 234 1308 1928 1378; baseline -0.001 -16"><span class='ocrx_word' id='word_1_106' title='bbox 234 1330 327 1378; x_wconf 91' lang='grc' dir='ltr'><strong><em>μοι</em></strong></span> <span class='ocrx_word' id='word_1_107' title='bbox 366 1310 456 1362; x_wconf 84' lang='grc' dir='ltr'><strong><em>καὶ</em></strong></span> <span class='ocrx_word' id='word_1_108' title='bbox 496 1308 828 1377; x_wconf 88' lang='grc' dir='ltr'><strong><em>μεμνημένοι</em></strong></span> <span class='ocrx_word' id='word_1_109' title='bbox 879 1318 990 1362; x_wconf 86' lang='grc' dir='ltr'><strong><em>τῶν</em></strong></span> <span class='ocrx_word' id='word_1_110' title='bbox 1038 1318 1152 1362; x_wconf 85' lang='grc' dir='ltr'><strong><em>σῶν</em></strong></span> <span class='ocrx_word' id='word_1_111' title='bbox 1191 1308 1311 1361; x_wconf 81' lang='grc' dir='ltr'><strong><em>’ἀντὶ</em></strong></span> <span class='ocrx_word' id='word_1_112' title='bbox 1352 1317 1452 1363; x_wconf 89' lang='grc' dir='ltr'><strong><em>τοῦ</em></strong></span> <span class='ocrx_word' id='word_1_113' title='bbox 1498 1309 1928 1377; x_wconf 79' lang='grc' dir='ltr'><strong><em>Θεμιστοκλέους</em></strong></span> 
     </span>
     <span class='ocr_line' id='line_1_15' title="bbox 234 1397 1927 1468; baseline 0 -18"><span class='ocrx_word' id='word_1_114' title='bbox 234 1399 333 1451; x_wconf 93' lang='grc' dir='ltr'><strong><em>τὸν</em></strong></span> <span class='ocrx_word' id='word_1_115' title='bbox 378 1400 549 1451; x_wconf 86' lang='grc' dir='ltr'><strong><em>παῖδα</em></strong></span> <span class='ocrx_word' id='word_1_116' title='bbox 595 1400 694 1451; x_wconf 91' lang='grc' dir='ltr'><strong><em>τὸν</em></strong></span> <span class='ocrx_word' id='word_1_117' title='bbox 741 1397 872 1465; x_wconf 90' lang='grc' dir='ltr'><strong><em>ἐμὸν</em></strong></span> <span class='ocrx_word' id='word_1_118' title='bbox 920 1399 1205 1465; x_wconf 81' lang='grc' dir='ltr'><strong><em>ὠνόμαζον</em></strong></span> <span class='ocrx_word' id='word_1_119' title='bbox 1251 1397 1377 1468; x_wconf 88' lang='grc' dir='ltr'><strong><em>παρ’</em></strong></span> <span class='ocrx_word' id='word_1_120' title='bbox 1426 1398 1559 1465; x_wconf 82' lang='grc' dir='ltr'><strong><em>ἐμοῦ</em></strong></span> <span class='ocrx_word' id='word_1_121' title='bbox 1605 1406 1705 1452; x_wconf 91' lang='grc' dir='ltr'><strong><em>τοῦ</em></strong></span> <span class='ocrx_word' id='word_1_122' title='bbox 1758 1412 1927 1467; x_wconf 88' lang='grc' dir='ltr'><strong><em>προσ,-</em></strong></span> 
     </span>
     <span class='ocr_line' id='line_1_16' title="bbox 169 1484 1927 1556; baseline -0.001 -15"><span class='ocrx_word' id='word_1_123' title='bbox 169 1508 209 1542; x_wconf 84' lang='lat'><strong><em>15</em></strong></span> <span class='ocrx_word' id='word_1_124' title='bbox 234 1489 472 1556; x_wconf 85' lang='grc' dir='ltr'><strong><em>ρήματος</em></strong></span> <span class='ocrx_word' id='word_1_125' title='bbox 525 1488 620 1549; x_wconf 82' lang='grc' dir='ltr'><strong><em>τὰς</em></strong></span> <span class='ocrx_word' id='word_1_126' title='bbox 674 1486 843 1556; x_wconf 77' lang='grc' dir='ltr'><strong><em>ἀρχὰς</em></strong></span> <span class='ocrx_word' id='word_1_127' title='bbox 897 1488 1194 1556; x_wconf 76' lang='grc' dir='ltr'><strong><em>εἰληφότες.</em></strong></span> <span class='ocrx_word' id='word_1_128' title='bbox 1249 1488 1605 1555; x_wconf 87' lang='grc' dir='ltr'><strong><em>δικαστήριον</em></strong></span> <span class='ocrx_word' id='word_1_129' title='bbox 1666 1484 1727 1540; x_wconf 73' lang='grc' dir='ltr'><strong><em>δὲ</em></strong></span> <span class='ocrx_word' id='word_1_130' title='bbox 1789 1487 1927 1556; x_wconf 83' lang='grc' dir='ltr'><strong><em>ὁρᾶν</em></strong></span> 
     </span>
     <span class='ocr_line' id='line_1_17' title="bbox 233 1572 1926 1640; baseline -0.001 -12"><span class='ocrx_word' id='word_1_131' title='bbox 233 1575 323 1629; x_wconf 83' lang='grc' dir='ltr'><strong><em>καὶ</em></strong></span> <span class='ocrx_word' id='word_1_132' title='bbox 365 1577 622 1638; x_wconf 77' lang='grc' dir='ltr'><strong><em>δικαστὰς</em></strong></span> <span class='ocrx_word' id='word_1_133' title='bbox 668 1579 916 1640; x_wconf 81' lang='grc' dir='ltr'><strong><em>καθίζειν</em></strong></span> <span class='ocrx_word' id='word_1_134' title='bbox 962 1574 1052 1628; x_wconf 87' lang='grc' dir='ltr'><strong><em>καὶ</em></strong></span> <span class='ocrx_word' id='word_1_135' title='bbox 1100 1580 1288 1628; x_wconf 80' lang='grc' dir='ltr'><strong><em>καλεῖν</em></strong></span> <span class='ocrx_word' id='word_1_136' title='bbox 1336 1574 1424 1628; x_wconf 87' lang='grc' dir='ltr'><strong><em>ἐπὶ</em></strong></span> <span class='ocrx_word' id='word_1_137' title='bbox 1471 1577 1568 1629; x_wconf 94' lang='grc' dir='ltr'><strong><em>τὸν</em></strong></span> <span class='ocrx_word' id='word_1_138' title='bbox 1615 1572 1769 1628; x_wconf 85' lang='grc' dir='ltr'><strong><em>οἷκον</em></strong></span> <span class='ocrx_word' id='word_1_139' title='bbox 1815 1585 1926 1628; x_wconf 84' lang='grc' dir='ltr'><strong><em>τῶν</em></strong></span> 
     </span>
     <span class='ocr_line' id='line_1_18' title="bbox 232 1664 1925 1734; baseline -0.001 -17"><span class='ocrx_word' id='word_1_140' title='bbox 232 1674 445 1734; x_wconf 82' lang='grc' dir='ltr'><strong><em>μικρῶν</em></strong></span> <span class='ocrx_word' id='word_1_141' title='bbox 497 1665 710 1718; x_wconf 87' lang='grc' dir='ltr'><strong><em>τούτων</em></strong></span> <span class='ocrx_word' id='word_1_142' title='bbox 765 1664 866 1717; x_wconf 87' lang='grc' dir='ltr'><strong><em>οὐκ</em></strong></span> <span class='ocrx_word' id='word_1_143' title='bbox 918 1664 1107 1733; x_wconf 83' lang='grc' dir='ltr'><strong><em>ἐδίδου</em></strong></span> <span class='ocrx_word' id='word_1_144' title='bbox 1161 1665 1226 1718; x_wconf 82' lang='grc' dir='ltr'><strong><em>τὰ</em></strong></span> <span class='ocrx_word' id='word_1_145' title='bbox 1280 1666 1439 1733; x_wconf 83' lang='grc' dir='ltr'><strong><em>μείζω</em></strong></span> <span class='ocrx_word' id='word_1_146' title='bbox 1491 1666 1705 1733; x_wconf 76' lang='grc' dir='ltr'><strong><em>καιρόν,</em></strong></span> <span class='ocrx_word' id='word_1_147' title='bbox 1743 1665 1925 1732; x_wconf 88' lang='grc' dir='ltr'><strong><em>πυκνὴ</em></strong></span> 
     </span>
     <span class='ocr_line' id='line_1_19' title="bbox 233 1753 1925 1824; baseline 0 -18"><span class='ocrx_word' id='word_1_148' title='bbox 233 1755 336 1824; x_wconf 80' lang='grc' dir='ltr'><strong><em>γὰρ</em></strong></span> <span class='ocrx_word' id='word_1_149' title='bbox 376 1753 409 1821; x_wconf 77' lang='grc' dir='ltr'><em>ἦ</em></span> <span class='ocrx_word' id='word_1_150' title='bbox 451 1754 679 1822; x_wconf 86' lang='grc' dir='ltr'><strong><em>διαδοχὴ</em></strong></span> <span class='ocrx_word' id='word_1_151' title='bbox 719 1762 829 1806; x_wconf 84' lang='grc' dir='ltr'><strong><em>τῶν</em></strong></span> <span class='ocrx_word' id='word_1_152' title='bbox 869 1754 1188 1823; x_wconf 78' lang='grc' dir='ltr'><strong><em>φροντίδων</em></strong></span> <span class='ocrx_word' id='word_1_153' title='bbox 1237 1754 1327 1806; x_wconf 80' lang='grc' dir='ltr'><strong><em>καὶ</em></strong></span> <span class='ocrx_word' id='word_1_154' title='bbox 1373 1755 1575 1806; x_wconf 85' lang='grc' dir='ltr'><strong><em>πόνων.</em></strong></span> <span class='ocrx_word' id='word_1_155' title='bbox 1626 1753 1715 1806; x_wconf 83' lang='grc' dir='ltr'><strong><em>καὶ</em></strong></span> <span class='ocrx_word' id='word_1_156' title='bbox 1761 1771 1925 1822; x_wconf 37' lang='grc' dir='ltr'><strong><em>παρεε</em></strong></span> 
     </span>
     <span class='ocr_line' id='line_1_20' title="bbox 233 1838 1924 1911; baseline -0.001 -16"><span class='ocrx_word' id='word_1_157' title='bbox 233 1843 395 1895; x_wconf 82' lang='grc' dir='ltr'><strong><em>δίδου</em></strong></span> <span class='ocrx_word' id='word_1_158' title='bbox 443 1857 503 1895; x_wconf 91' lang='grc' dir='ltr'><strong><em>σε</em></strong></span> <span class='ocrx_word' id='word_1_159' title='bbox 549 1843 614 1895; x_wconf 80' lang='grc' dir='ltr'><strong><em>τὰ</em></strong></span> <span class='ocrx_word' id='word_1_160' title='bbox 661 1842 1009 1911; x_wconf 88' lang='grc' dir='ltr'><strong><em>βουλεύματα</em></strong></span> <span class='ocrx_word' id='word_1_161' title='bbox 1055 1839 1156 1909; x_wconf 75' lang='grc' dir='ltr'><strong><em>μὲν</em></strong></span> <span class='ocrx_word' id='word_1_162' title='bbox 1201 1839 1409 1911; x_wconf 72' lang='grc' dir='ltr'><strong><em>ἔργοις,</em></strong></span> <span class='ocrx_word' id='word_1_163' title='bbox 1464 1839 1598 1911; x_wconf 79' lang='grc' dir='ltr'><strong><em>ἔργα</em></strong></span> <span class='ocrx_word' id='word_1_164' title='bbox 1649 1838 1710 1894; x_wconf 79' lang='grc' dir='ltr'><strong><em>δὲ</em></strong></span> <span class='ocrx_word' id='word_1_165' title='bbox 1755 1842 1924 1904; x_wconf 78' lang='grc' dir='ltr'><strong><em>πάλιν</em></strong></span> 
     </span>
    </p>
   </div>
   <div class='ocr_carea' id='block_1_3' title="bbox 272 1944 420 1952">
    <p class='ocr_par' dir='ltr' id='par_1_3' title="bbox 272 1944 420 1952">
     <span class='ocr_line' id='line_1_21' title="bbox 272 1944 420 1952; baseline 0 1240"><span class='ocrx_word' id='word_1_166' title='bbox 272 1944 420 1952; x_wconf 95' lang='lat' dir='ltr'><strong><em> </em></strong></span> 
     </span>
    </p>
   </div>
   <div class='ocr_carea' id='block_1_4' title="bbox 422 1947 585 1953">
    <p class='ocr_par' dir='ltr' id='par_1_4' title="bbox 422 1947 585 1953">
     <span class='ocr_line' id='line_1_22' title="bbox 422 1947 585 1953; baseline 0 0"><span class='ocrx_word' id='word_1_167' title='bbox 422 1947 585 1953; x_wconf 95' lang='lat' dir='ltr'><strong><em> </em></strong></span> 
     </span>
    </p>
   </div>
   <div class='ocr_carea' id='block_1_5' title="bbox 353 2001 1393 2061">
    <p class='ocr_par' dir='ltr' id='par_1_5' title="bbox 353 2001 1393 2061">
     <span class='ocr_line' id='line_1_23' title="bbox 353 2001 1393 2061; baseline 0.001 -16"><span class='ocrx_word' id='word_1_168' title='bbox 353 2007 378 2045; x_wconf 90' lang='grc'><strong>3</strong></span> <span class='ocrx_word' id='word_1_169' title='bbox 410 2001 596 2061; x_wconf 82' lang='grc' dir='ltr'><strong><em>τρίτων]</em></strong></span> <span class='ocrx_word' id='word_1_170' title='bbox 630 2002 815 2046; x_wconf 85' lang='grc' dir='ltr'><strong><em>ἐπαύσω</em></strong></span> <span class='ocrx_word' id='word_1_171' title='bbox 850 2002 1066 2059; x_wconf 80' lang='grc' dir='ltr'><strong><em>δηλονότι</em></strong></span> <span class='ocrx_word' id='word_1_172' title='bbox 1099 2016 1309 2059; x_wconf 81' lang='lat' dir='ltr'><strong>suprascr</strong></span> <span class='ocrx_word' id='word_1_173' title='bbox 1341 2002 1393 2046; x_wconf 80' lang='lat'><strong><em>1²</em></strong></span> 
     </span>
    </p>
   </div>
   <div class='ocr_carea' id='block_1_6' title="bbox 229 2150 1930 2973">
    <p class='ocr_par' dir='ltr' id='par_1_6' title="bbox 231 2150 1925 2326">
     <span class='ocr_line' id='line_1_24' title="bbox 232 2150 1925 2207; baseline 0 -14"><span class='ocrx_word' id='word_1_174' title='bbox 232 2151 314 2194; x_wconf 84' lang='lat' dir='ltr'><strong><em>sed</em></strong></span> <span class='ocrx_word' id='word_1_175' title='bbox 346 2157 459 2205; x_wconf 80' lang='lat' dir='ltr'><em>„aut</em></span> <span class='ocrx_word' id='word_1_176' title='bbox 488 2151 678 2195; x_wconf 75' lang='lat' dir='ltr'><strong><em>delenda</em></strong></span> <span class='ocrx_word' id='word_1_177' title='bbox 708 2155 816 2194; x_wconf 65' lang='lat' dir='ltr'><strong><em>mm</em></strong></span> <span class='ocrx_word' id='word_1_178' title='bbox 848 2152 1067 2196; x_wconf 78' lang='lat' dir='ltr'><strong><em>vocabula</em></strong></span> <span class='ocrx_word' id='word_1_179' title='bbox 1091 2150 1171 2194; x_wconf 80' lang='grc' dir='ltr'><strong><em>καὶ</em></strong></span> <span class='ocrx_word' id='word_1_180' title='bbox 1194 2158 1290 2201; x_wconf 87' lang='grc' dir='ltr'><strong><em>τοῖς</em></strong></span> <span class='ocrx_word' id='word_1_181' title='bbox 1322 2151 1446 2207; x_wconf 84' lang='grc' dir='ltr'><strong><em>ἐμοῖς</em></strong></span> <span class='ocrx_word' id='word_1_182' title='bbox 1470 2156 1553 2195; x_wconf 79' lang='lat' dir='ltr'><strong><em>aut</em></strong></span> <span class='ocrx_word' id='word_1_183' title='bbox 1575 2151 1693 2195; x_wconf 76' lang='lat' dir='ltr'>deest</span> <span class='ocrx_word' id='word_1_184' title='bbox 1715 2150 1925 2205; x_wconf 81' lang='lat' dir='ltr'><strong><em>aliquid“</em></strong></span> 
     </span>
     <span class='ocr_line' id='line_1_25' title="bbox 231 2207 1922 2267; baseline -0.001 -15"><span class='ocrx_word' id='word_1_185' title='bbox 231 2209 299 2252; x_wconf 86' lang='lat' dir='ltr'><strong><em>Re</em></strong></span> <span class='ocrx_word' id='word_1_186' title='bbox 359 2213 493 2259; x_wconf 84' lang='grc' dir='ltr'><strong><em>θεοῖς</em></strong></span> <span class='ocrx_word' id='word_1_187' title='bbox 525 2209 630 2253; x_wconf 83' lang='lat' dir='ltr'>coni</span> <span class='ocrx_word' id='word_1_188' title='bbox 660 2209 822 2253; x_wconf 82' lang='lat' dir='ltr'>Iaeobs</span> <span class='ocrx_word' id='word_1_189' title='bbox 856 2209 968 2253; x_wconf 65' lang='lat' dir='ltr'>Lecss</span> <span class='ocrx_word' id='word_1_190' title='bbox 998 2214 1081 2253; x_wconf 88' lang='lat'><strong><em>118</em></strong></span> <span class='ocrx_word' id='word_1_191' title='bbox 1114 2211 1162 2254; x_wconf 76' lang='lat' dir='ltr'><strong><em>et</em></strong></span> <span class='ocrx_word' id='word_1_192' title='bbox 1194 2208 1398 2253; x_wconf 64' lang='lat' dir='ltr'>Sinfienis</span> <span class='ocrx_word' id='word_1_193' title='bbox 1461 2210 1611 2267; x_wconf 77' lang='grc' dir='ltr'><strong><em>ἔργοις</em></strong></span> <span class='ocrx_word' id='word_1_194' title='bbox 1643 2208 1788 2252; x_wconf 74' lang='lat' dir='ltr'>Cobet</span> <span class='ocrx_word' id='word_1_195' title='bbox 1824 2207 1922 2252; x_wconf 92' lang='lat' dir='ltr'>Coll</span> 
     </span>
     <span class='ocr_line' id='line_1_26' title="bbox 232 2267 1251 2326; baseline 0.002 -15"><span class='ocrx_word' id='word_1_196' title='bbox 232 2273 317 2311; x_wconf 81' lang='lat'><strong><em>294</em></strong></span> <span class='ocrx_word' id='word_1_197' title='bbox 346 2271 351 2324; x_wconf 85' lang='grc' dir='ltr'>Ι</span> <span class='ocrx_word' id='word_1_198' title='bbox 381 2267 488 2319; x_wconf 79' lang='grc' dir='ltr'><strong><em>ἴσως</em></strong></span> <span class='ocrx_word' id='word_1_199' title='bbox 511 2270 571 2325; x_wconf 88' lang='grc' dir='ltr'><strong><em>ΙΙ</em></strong></span> <span class='ocrx_word' id='word_1_200' title='bbox 600 2275 765 2326; x_wconf 80' lang='grc' dir='ltr'><strong><em>στοργῇ</em></strong></span> <span class='ocrx_word' id='word_1_201' title='bbox 790 2270 834 2314; x_wconf 86' lang='lat' dir='ltr'><strong><em>L</em></strong></span> <span class='ocrx_word' id='word_1_202' title='bbox 1249 2270 1251 2273; x_wconf 76' lang='grc'><strong>’</strong></span> 
     </span>
    </p>

    <p class='ocr_par' dir='ltr' id='par_1_7' title="bbox 229 2325 1930 2973">
     <span class='ocr_line' id='line_1_27' title="bbox 354 2325 1922 2385; baseline -0.001 -14"><span class='ocrx_word' id='word_1_203' title='bbox 354 2334 375 2371; x_wconf 92' lang='grc'>1</span> <span class='ocrx_word' id='word_1_204' title='bbox 409 2331 691 2385; x_wconf 77' lang='grc' dir='ltr'><strong><em>γεγενῆσθαι</em></strong></span> <span class='ocrx_word' id='word_1_205' title='bbox 717 2330 855 2372; x_wconf 83' lang='lat' dir='ltr'><strong><em>MaB</em></strong></span> <span class='ocrx_word' id='word_1_206' title='bbox 992 2333 1016 2371; x_wconf 82' lang='lat'><strong>2</strong></span> <span class='ocrx_word' id='word_1_207' title='bbox 1051 2327 1145 2372; x_wconf 77' lang='grc' dir='ltr'><strong><em>ἔδει</em></strong></span> <span class='ocrx_word' id='word_1_208' title='bbox 1177 2341 1251 2370; x_wconf 90' lang='lat' dir='ltr'><strong><em>om</em></strong></span> <span class='ocrx_word' id='word_1_209' title='bbox 1282 2329 1316 2370; x_wconf 93' lang='grc' dir='ltr'><em>Ι</em></span> <span class='ocrx_word' id='word_1_210' title='bbox 1447 2332 1472 2370; x_wconf 88' lang='lat'>3</span> <span class='ocrx_word' id='word_1_211' title='bbox 1504 2334 1596 2371; x_wconf 86' lang='grc' dir='ltr'><strong><em>τῶν</em></strong></span> <span class='ocrx_word' id='word_1_212' title='bbox 1628 2328 1736 2370; x_wconf 77' lang='lat' dir='ltr'>ante</span> <span class='ocrx_word' id='word_1_213' title='bbox 1768 2325 1922 2370; x_wconf 79' lang='grc' dir='ltr'><strong><em>δευτέ·</em></strong></span> 
     </span>
     <span class='ocr_line' id='line_1_28' title="bbox 231 2384 1930 2444; baseline -0.001 -14"><span class='ocrx_word' id='word_1_214' title='bbox 231 2404 325 2441; x_wconf 88' lang='grc' dir='ltr'><strong><em>ρων</em></strong></span> <span class='ocrx_word' id='word_1_215' title='bbox 351 2389 394 2431; x_wconf 88' lang='lat' dir='ltr'><strong><em>L</em></strong></span> <span class='ocrx_word' id='word_1_216' title='bbox 427 2387 517 2431; x_wconf 87' lang='lat' dir='ltr'><strong><em>edd</em></strong></span> <span class='ocrx_word' id='word_1_217' title='bbox 580 2387 728 2430; x_wconf 84' lang='lat' dir='ltr'>delevi</span> <span class='ocrx_word' id='word_1_218' title='bbox 872 2392 900 2430; x_wconf 88' lang='lat'>4</span> <span class='ocrx_word' id='word_1_219' title='bbox 931 2386 1141 2431; x_wconf 88' lang='grc' dir='ltr'><strong><em>πέπαυτο</em></strong></span> <span class='ocrx_word' id='word_1_220' title='bbox 1168 2389 1257 2430; x_wconf 85' lang='grc' dir='ltr'><strong><em>Μα</em></strong></span> <span class='ocrx_word' id='word_1_221' title='bbox 1397 2391 1422 2429; x_wconf 83' lang='grc'>5</span> <span class='ocrx_word' id='word_1_222' title='bbox 1456 2384 1724 2444; x_wconf 85' lang='grc' dir='ltr'><strong><em>ἠβρυνόμην</em></strong></span> <span class='ocrx_word' id='word_1_223' title='bbox 1759 2386 1930 2429; x_wconf 84' lang='lat' dir='ltr'><em>MaLI</em></span> 
     </span>
     <span class='ocr_line' id='line_1_29' title="bbox 231 2444 1922 2502; baseline -0.002 -12"><span class='ocrx_word' id='word_1_224' title='bbox 231 2447 341 2490; x_wconf 78' lang='lat' dir='ltr'><strong><em>Lau</em></strong></span> <span class='ocrx_word' id='word_1_225' title='bbox 373 2445 430 2490; x_wconf 85' lang='lat' dir='ltr'><strong><em>cf.</em></strong></span> <span class='ocrx_word' id='word_1_226' title='bbox 464 2447 524 2490; x_wconf 80' lang='lat' dir='ltr'><strong><em>ad</em></strong></span> <span class='ocrx_word' id='word_1_227' title='bbox 555 2448 589 2489; x_wconf 73' lang='lat' dir='ltr'><strong><em>t.</em></strong></span> <span class='ocrx_word' id='word_1_228' title='bbox 614 2446 656 2489; x_wconf 89' lang='lat' dir='ltr'><strong><em>II</em></strong></span> <span class='ocrx_word' id='word_1_229' title='bbox 680 2450 780 2500; x_wconf 79' lang='lat'><strong><em>265,</em></strong></span> <span class='ocrx_word' id='word_1_230' title='bbox 802 2451 824 2488; x_wconf 81' lang='lat'>7</span> <span class='ocrx_word' id='word_1_231' title='bbox 860 2448 907 2490; x_wconf 64' lang='lat' dir='ltr'><strong><em>elz</em></strong></span> <span class='ocrx_word' id='word_1_232' title='bbox 939 2450 1038 2501; x_wconf 81' lang='lat'>327,</span> <span class='ocrx_word' id='word_1_233' title='bbox 1058 2450 1082 2488; x_wconf 89' lang='lat'>9</span> <span class='ocrx_word' id='word_1_234' title='bbox 1214 2451 1239 2489; x_wconf 91' lang='grc'><strong>6</strong></span> <span class='ocrx_word' id='word_1_235' title='bbox 1272 2446 1373 2502; x_wconf 84' lang='grc' dir='ltr'><strong><em>ἐμοὶ</em></strong></span> <span class='ocrx_word' id='word_1_236' title='bbox 1400 2446 1436 2489; x_wconf 83' lang='grc' dir='ltr'><strong><em>Ο</em></strong></span> <span class='ocrx_word' id='word_1_237' title='bbox 1568 2449 1591 2487; x_wconf 84' lang='grc'><strong>7</strong></span> <span class='ocrx_word' id='word_1_238' title='bbox 1623 2451 1768 2488; x_wconf 83' lang='grc' dir='ltr'><strong><em>ταῦτα</em></strong></span> <span class='ocrx_word' id='word_1_239' title='bbox 1795 2444 1922 2487; x_wconf 79' lang='lat' dir='ltr'><strong><em>CMa</em></strong></span> 
     </span>
     <span class='ocr_line' id='line_1_30' title="bbox 233 2502 1921 2572; baseline -0.001 -24"><span class='ocrx_word' id='word_1_240' title='bbox 233 2506 243 2572; x_wconf 75' lang='lat'>[</span> <span class='ocrx_word' id='word_1_241' title='bbox 277 2503 487 2561; x_wconf 81' lang='grc' dir='ltr'><strong><em>νενίκηκε</em></strong></span> <span class='ocrx_word' id='word_1_242' title='bbox 521 2505 686 2561; x_wconf 80' lang='lat' dir='ltr'>scripsi</span> <span class='ocrx_word' id='word_1_243' title='bbox 719 2519 743 2548; x_wconf 91' lang='lat' dir='ltr'>e</span> <span class='ocrx_word' id='word_1_244' title='bbox 771 2505 851 2550; x_wconf 85' lang='lat' dir='ltr'><strong><em>OB</em></strong></span> <span class='ocrx_word' id='word_1_245' title='bbox 914 2503 1154 2560; x_wconf 80' lang='grc' dir='ltr'><strong><em>νενίκηκεν</em></strong></span> <span class='ocrx_word' id='word_1_246' title='bbox 1185 2503 1355 2560; x_wconf 83' lang='lat' dir='ltr'>reliqui</span> <span class='ocrx_word' id='word_1_247' title='bbox 1387 2504 1496 2547; x_wconf 89' lang='lat' dir='ltr'>libri</span> <span class='ocrx_word' id='word_1_248' title='bbox 1525 2504 1616 2548; x_wconf 87' lang='lat' dir='ltr'><strong><em>edd</em></strong></span> <span class='ocrx_word' id='word_1_249' title='bbox 1644 2506 1649 2559; x_wconf 88' lang='grc' dir='ltr'>Ι</span> <span class='ocrx_word' id='word_1_250' title='bbox 1677 2504 1757 2547; x_wconf 86' lang='grc' dir='ltr'><strong><em>καὶ</em></strong></span> <span class='ocrx_word' id='word_1_251' title='bbox 1780 2502 1921 2546; x_wconf 78' lang='grc' dir='ltr'><strong><em>πάλιν</em></strong></span> 
     </span>
     <span class='ocr_line' id='line_1_31' title="bbox 229 2561 1920 2619; baseline -0.001 -13"><span class='ocrx_word' id='word_1_252' title='bbox 229 2565 404 2607; x_wconf 79' lang='lat' dir='ltr'>inserui</span> <span class='ocrx_word' id='word_1_253' title='bbox 437 2579 460 2607; x_wconf 92' lang='lat' dir='ltr'>e</span> <span class='ocrx_word' id='word_1_254' title='bbox 492 2565 529 2609; x_wconf 82' lang='lat' dir='ltr'><em>G</em></span> <span class='ocrx_word' id='word_1_255' title='bbox 585 2563 727 2610; x_wconf 74' lang='grc' dir='ltr'><strong><em>πάλιν</em></strong></span> <span class='ocrx_word' id='word_1_256' title='bbox 754 2565 890 2609; x_wconf 86' lang='grc' dir='ltr'><strong><em>ΜαΒ</em></strong></span> <span class='ocrx_word' id='word_1_257' title='bbox 952 2578 1026 2607; x_wconf 89' lang='lat' dir='ltr'><strong><em>om</em></strong></span> <span class='ocrx_word' id='word_1_258' title='bbox 1050 2564 1234 2608; x_wconf 78' lang='lat' dir='ltr'><strong><em>LILau</em></strong></span> <span class='ocrx_word' id='word_1_259' title='bbox 1266 2563 1358 2607; x_wconf 85' lang='lat' dir='ltr'><strong><em>edd</em></strong></span> <span class='ocrx_word' id='word_1_260' title='bbox 1493 2567 1519 2606; x_wconf 90' lang='grc'>8</span> <span class='ocrx_word' id='word_1_261' title='bbox 1551 2564 1723 2619; x_wconf 79' lang='grc' dir='ltr'><strong><em>τούμοῦ</em></strong></span> <span class='ocrx_word' id='word_1_262' title='bbox 1756 2561 1920 2618; x_wconf 76' lang='lat' dir='ltr'>scripsi</span> 
     </span>
     <span class='ocr_line' id='line_1_32' title="bbox 231 2617 1921 2678; baseline 0 -13"><span class='ocrx_word' id='word_1_263' title='bbox 231 2636 255 2665; x_wconf 90' lang='lat' dir='ltr'>e</span> <span class='ocrx_word' id='word_1_264' title='bbox 289 2623 359 2667; x_wconf 84' lang='lat' dir='ltr'><strong><em>CI</em></strong></span> <span class='ocrx_word' id='word_1_265' title='bbox 413 2630 494 2667; x_wconf 83' lang='grc' dir='ltr'><strong><em>τοῦ</em></strong></span> <span class='ocrx_word' id='word_1_266' title='bbox 528 2623 638 2678; x_wconf 78' lang='grc' dir='ltr'><strong><em>ἐμοῦ</em></strong></span> <span class='ocrx_word' id='word_1_267' title='bbox 669 2623 839 2678; x_wconf 85' lang='lat' dir='ltr'>reliqui</span> <span class='ocrx_word' id='word_1_268' title='bbox 871 2623 980 2667; x_wconf 89' lang='lat' dir='ltr'>libri</span> <span class='ocrx_word' id='word_1_269' title='bbox 1013 2623 1104 2667; x_wconf 87' lang='lat' dir='ltr'><strong><em>edd</em></strong></span> <span class='ocrx_word' id='word_1_270' title='bbox 1240 2628 1264 2666; x_wconf 88' lang='lat'>9</span> <span class='ocrx_word' id='word_1_271' title='bbox 1298 2619 1383 2666; x_wconf 83' lang='grc' dir='ltr'><strong><em>οὖν</em></strong></span> <span class='ocrx_word' id='word_1_272' title='bbox 1414 2623 1539 2669; x_wconf 84' lang='lat' dir='ltr'>inser</span> <span class='ocrx_word' id='word_1_273' title='bbox 1564 2622 1675 2666; x_wconf 77' lang='lat' dir='ltr'><strong><em>Ma⁴</em></strong></span> <span class='ocrx_word' id='word_1_274' title='bbox 1724 2623 1729 2676; x_wconf 93' lang='grc' dir='ltr'>Ι</span> <span class='ocrx_word' id='word_1_275' title='bbox 1781 2617 1921 2677; x_wconf 85' lang='grc' dir='ltr'><strong><em>οὑμὸς</em></strong></span> 
     </span>
     <span class='ocr_line' id='line_1_33' title="bbox 232 2678 1920 2739; baseline -0.001 -15"><span class='ocrx_word' id='word_1_276' title='bbox 232 2682 396 2737; x_wconf 82' lang='lat' dir='ltr'>scripsi</span> <span class='ocrx_word' id='word_1_277' title='bbox 467 2682 608 2738; x_wconf 80' lang='grc' dir='ltr'><strong><em>ὁύμὸς</em></strong></span> <span class='ocrx_word' id='word_1_278' title='bbox 631 2682 675 2724; x_wconf 91' lang='lat' dir='ltr'><strong><em>L</em></strong></span> <span class='ocrx_word' id='word_1_279' title='bbox 745 2682 887 2739; x_wconf 77' lang='grc' dir='ltr'><strong><em>οὑμὸς</em></strong></span> <span class='ocrx_word' id='word_1_280' title='bbox 917 2682 1139 2727; x_wconf 78' lang='lat' dir='ltr'><strong><em>GBILau</em></strong></span> <span class='ocrx_word' id='word_1_281' title='bbox 1211 2681 1235 2725; x_wconf 89' lang='lat'><em>6</em></span> <span class='ocrx_word' id='word_1_282' title='bbox 1269 2681 1376 2737; x_wconf 80' lang='grc' dir='ltr'><strong><em>ἐμὸς</em></strong></span> <span class='ocrx_word' id='word_1_283' title='bbox 1402 2683 1488 2725; x_wconf 85' lang='lat' dir='ltr'><strong><em>Ma</em></strong></span> <span class='ocrx_word' id='word_1_284' title='bbox 1522 2681 1611 2724; x_wconf 87' lang='lat' dir='ltr'><strong><em>edd</em></strong></span> <span class='ocrx_word' id='word_1_285' title='bbox 1756 2684 1818 2723; x_wconf 88' lang='lat'><strong><em>10·</em></strong></span> <span class='ocrx_word' id='word_1_286' title='bbox 1842 2678 1920 2723; x_wconf 51' lang='grc' dir='ltr'><strong><em>πέ·7</em></strong></span> 
     </span>
     <span class='ocr_line' id='line_1_34' title="bbox 229 2735 1918 2799; baseline -0.001 -16"><span class='ocrx_word' id='word_1_287' title='bbox 229 2756 359 2785; x_wconf 87' lang='grc' dir='ltr'><strong><em>πεικε</em></strong></span> <span class='ocrx_word' id='word_1_288' title='bbox 374 2741 562 2797; x_wconf 78' lang='lat' dir='ltr'>reposui</span> <span class='ocrx_word' id='word_1_289' title='bbox 581 2755 606 2785; x_wconf 88' lang='lat' dir='ltr'>e</span> <span class='ocrx_word' id='word_1_290' title='bbox 621 2741 755 2784; x_wconf 82' lang='lat' dir='ltr'>libris</span> <span class='ocrx_word' id='word_1_291' title='bbox 775 2739 1010 2799; x_wconf 84' lang='grc' dir='ltr'><strong><em>(πέπεικεν</em></strong></span> <span class='ocrx_word' id='word_1_292' title='bbox 1030 2742 1135 2797; x_wconf 82' lang='grc' dir='ltr'><strong><em>Μα)</em></strong></span> <span class='ocrx_word' id='word_1_293' title='bbox 1188 2737 1413 2796; x_wconf 85' lang='grc' dir='ltr'><strong><em>πεποίηκε</em></strong></span> <span class='ocrx_word' id='word_1_294' title='bbox 1431 2740 1522 2784; x_wconf 88' lang='lat' dir='ltr'><strong><em>edd</em></strong></span> <span class='ocrx_word' id='word_1_295' title='bbox 1638 2745 1689 2782; x_wconf 86' lang='lat'><strong><em>12</em></strong></span> <span class='ocrx_word' id='word_1_296' title='bbox 1712 2735 1842 2782; x_wconf 84' lang='grc' dir='ltr'><strong><em>ταῦτ’</em></strong></span> <span class='ocrx_word' id='word_1_297' title='bbox 1858 2740 1918 2795; x_wconf 84' lang='lat'><strong><em>(2)</em></strong></span> 
     </span>
     <span class='ocr_line' id='line_1_35' title="bbox 229 2796 1920 2855; baseline -0.001 -13"><span class='ocrx_word' id='word_1_298' title='bbox 229 2800 264 2842; x_wconf 91' lang='lat' dir='ltr'><em>I</em></span> <span class='ocrx_word' id='word_1_299' title='bbox 380 2805 433 2843; x_wconf 84' lang='lat'><strong><em>13</em></strong></span> <span class='ocrx_word' id='word_1_300' title='bbox 466 2816 543 2855; x_wconf 84' lang='grc' dir='ltr'><strong><em>μοι</em></strong></span> <span class='ocrx_word' id='word_1_301' title='bbox 574 2800 748 2844; x_wconf 84' lang='lat' dir='ltr'>inserui</span> <span class='ocrx_word' id='word_1_302' title='bbox 780 2814 805 2844; x_wconf 92' lang='lat' dir='ltr'>e</span> <span class='ocrx_word' id='word_1_303' title='bbox 833 2800 1148 2844; x_wconf 77' lang='lat' dir='ltr'><em>OMaBILau</em></span> <span class='ocrx_word' id='word_1_304' title='bbox 1209 2813 1284 2842; x_wconf 91' lang='lat' dir='ltr'><strong><em>om</em></strong></span> <span class='ocrx_word' id='word_1_305' title='bbox 1309 2801 1352 2843; x_wconf 93' lang='lat' dir='ltr'><strong><em>L</em></strong></span> <span class='ocrx_word' id='word_1_306' title='bbox 1385 2799 1475 2842; x_wconf 87' lang='lat' dir='ltr'><strong><em>edd</em></strong></span> <span class='ocrx_word' id='word_1_307' title='bbox 1525 2802 1531 2855; x_wconf 87' lang='grc' dir='ltr'>Ι</span> <span class='ocrx_word' id='word_1_308' title='bbox 1581 2796 1860 2855; x_wconf 80' lang='grc' dir='ltr'><strong><em>μεμυημένοι</em></strong></span> <span class='ocrx_word' id='word_1_309' title='bbox 1886 2796 1920 2840; x_wconf 85' lang='lat' dir='ltr'><em>C</em></span> 
     </span>
     <span class='ocr_line' id='line_1_36' title="bbox 234 2856 1926 2915; baseline -0.002 -13"><span class='ocrx_word' id='word_1_310' title='bbox 234 2860 238 2915; x_wconf 50' lang='lat' dir='ltr'>ff</span> <span class='ocrx_word' id='word_1_311' title='bbox 273 2866 355 2902; x_wconf 87' lang='grc' dir='ltr'><strong><em>τοῦ</em></strong></span> <span class='ocrx_word' id='word_1_312' title='bbox 389 2862 435 2902; x_wconf 70' lang='lat' dir='ltr'><strong><em>et</em></strong></span> <span class='ocrx_word' id='word_1_313' title='bbox 470 2863 523 2901; x_wconf 83' lang='lat'><strong><em>14</em></strong></span> <span class='ocrx_word' id='word_1_314' title='bbox 555 2859 636 2903; x_wconf 89' lang='grc' dir='ltr'><strong><em>τὸν</em></strong></span> <span class='ocrx_word' id='word_1_315' title='bbox 668 2863 710 2915; x_wconf 88' lang='grc'><strong><em>(1</em></strong></span> <span class='ocrx_word' id='word_1_316' title='bbox 737 2862 783 2903; x_wconf 71' lang='lat' dir='ltr'><strong><em>et</em></strong></span> <span class='ocrx_word' id='word_1_317' title='bbox 810 2861 851 2915; x_wconf 82' lang='lat'><strong><em>2)</em></strong></span> <span class='ocrx_word' id='word_1_318' title='bbox 886 2874 960 2903; x_wconf 90' lang='lat' dir='ltr'><strong><em>om</em></strong></span> <span class='ocrx_word' id='word_1_319' title='bbox 985 2861 1019 2903; x_wconf 92' lang='grc' dir='ltr'><em>Ι</em></span> <span class='ocrx_word' id='word_1_320' title='bbox 1158 2863 1210 2901; x_wconf 86' lang='grc'><strong><em>16</em></strong></span> <span class='ocrx_word' id='word_1_321' title='bbox 1249 2861 1400 2902; x_wconf 80' lang='grc' dir='ltr'><strong><em>λαλεῖν</em></strong></span> <span class='ocrx_word' id='word_1_322' title='bbox 1428 2860 1515 2902; x_wconf 86' lang='grc' dir='ltr'><strong><em>Μα</em></strong></span> <span class='ocrx_word' id='word_1_323' title='bbox 1661 2861 1712 2899; x_wconf 89' lang='grc'><strong><em>19</em></strong></span> <span class='ocrx_word' id='word_1_324' title='bbox 1757 2856 1867 2913; x_wconf 77' lang='grc' dir='ltr'><strong><em>ἔργα</em></strong></span> <span class='ocrx_word' id='word_1_325' title='bbox 1892 2858 1926 2899; x_wconf 92' lang='grc' dir='ltr'><em>Ι</em></span> 
     </span>
     <span class='ocr_line' id='line_1_37' title="bbox 230 2917 624 2973; baseline 0.005 -14"><span class='ocrx_word' id='word_1_326' title='bbox 230 2917 310 2959; x_wconf 85' lang='lat' dir='ltr'><strong><em>sed</em></strong></span> <span class='ocrx_word' id='word_1_327' title='bbox 343 2935 368 2973; x_wconf 81' lang='lat' dir='ltr'><em>y</em></span> <span class='ocrx_word' id='word_1_328' title='bbox 401 2918 525 2961; x_wconf 81' lang='lat' dir='ltr'>inser</span> <span class='ocrx_word' id='word_1_329' title='bbox 556 2917 624 2960; x_wconf 84' lang='lat' dir='ltr'><strong><em>m²</em></strong></span> 
     </span>
    </p>
   </div>
  </div>
 </body>
</html>
