2026 3192
225 115 332 167 164
690 114 918 157 LIBANII
931 131 934 133 ·
948 113 1341 159 DEGLAMATIO
1374 114 1438 159 111

219 255 508 302 chartaceus
555 254 742 302 formae
789 256 993 302 octavae
1040 254 1242 303 maioris
1290 256 1474 303 saeculi
1505 250 1624 319 XV]
1629 255 1747 303 XVI
1793 257 1913 304 olim

222 327 401 391 Oyrilli
418 328 776 391 archiepiscopi
795 326 1335 391 Constantinopolitani
1351 329 1619 377 secundum
1633 330 1913 392 inscriptio-

223 419 334 450 nem
366 402 477 450 folii
514 404 570 449 1v
599 400 845 467 Κύριλλος
886 399 1001 451 ἐλέω
1041 405 1166 450 θεοῦ
1205 400 1582 466 ἀρχιεπίσκοπος
1623 417 1914 452 κωνσταντι-

219 475 501 534 νουπόλεως
540 474 707 541 ῥώμης
745 473 827 524 καὶ
866 475 1204 539 οἰκουμενικὸς
1236 479 1286 524 et
1316 477 1426 524 folii
1459 480 1489 524 2
1523 477 1768 542 Κύριλλος
1798 475 1914 536 ἐλέω

221 554 346 599 θεοῦ
377 547 753 615 ἀρχιεπίσκοπος
784 549 1361 614 κωνσταντινουπόλεως,
1408 551 1583 600 deinde
1627 553 1915 600 monasterii

221 625 494 673 Thessalici
532 622 586 672 ἐκ
623 630 720 672 τῶν
759 623 979 689 μεγάλων
1018 627 1189 672 πυλῶν
1232 625 1502 673 secundum
1539 625 1913 688 inscriptionem

222 698 333 747 folii
360 700 417 746 1v
449 694 480 761 ἡ
507 698 675 762 βίβλος
703 697 827 761 αὕτη
852 695 1033 760 πέφεκε
1057 705 1144 747 τοῦ
1169 699 1520 764 μοναστηρίου,
1555 698 1608 748 ἐκ
1639 706 1736 747 τῶν
1769 698 1913 764 μεγά-

223 776 321 820 λων
344 775 515 820 πυλῶν
538 768 738 820 ἄνωθεν
764 774 813 819 et
829 772 940 820 folii
966 769 1070 835 2νή
1096 772 1266 836 βίβλος
1290 772 1429 836 αὕτη.
1460 772 1592 822 πέλει
1645 780 1732 837 τῆς
1757 779 1914 837 μονῆς

222 853 308 895 τοῦ
340 853 556 910 σωτῆρος
587 843 730 909 ἡμῶν
763 845 908 908 ἰησοῦ
940 853 1154 912 χριστοῦ·
1205 845 1257 895 ἐκ
1293 853 1392 895 τῶν
1432 846 1680 911 μεγάλλων
1720 850 1910 895 πυλῶν·

223 921 568 969 miscellaneus
601 922 821 968 continet
858 923 974 982 post
1013 921 1201 968 scholia
1227 921 1398 971 Iliadis
1432 915 1529 988 (3),
1560 922 1913 983 Aristophanis

222 996 424 1043 Plutum
467 989 588 1060 (54)
636 998 686 1042 et
731 995 898 1042 Nubes
939 988 1082 1060 (88),
1138 996 1391 1058 Euripidis
1437 995 1692 1044 Hecubam
1741 989 1914 1062 (130),

222 1069 598 1131 Lycophronem
631 1061 804 1135 (170),
837 1069 1041 1117 Pindari
1073 1071 1293 1117 carmina
1326 1069 1587 1132 Olympica
1626 1086 1737 1117 cum
1777 1070 1912 1118 scho-

223 1144 303 1191 liis
337 1143 552 1190 Thomae
585 1142 815 1207 Magistri
847 1146 896 1191 et
926 1143 1171 1192 Manuelis
1203 1143 1514 1205 Moschopuli
1537 1137 1710 1210 (226),
1740 1143 1913 1192 Iliadis

223 1221 274 1265 et
307 1217 554 1279 Odysseae
593 1217 746 1264 libros
785 1218 1048 1266 nonnullos
1081 1211 1261 1284 (307),
1301 1218 1914 1281 Batrachomyomachiam

226 1286 399 1358 (471),
425 1289 650 1355 Gregorii
673 1292 975 1339 Nazianzeni
998 1292 1218 1339 carmina
1244 1286 1417 1358 (495),
1448 1292 1651 1340 Maximi
1675 1292 1913 1341 Planudis

224 1367 472 1414 versiones
510 1365 709 1413 Boethii
748 1365 807 1412 de
847 1366 1181 1414 consolatione
1221 1366 1562 1429 philosophiae
1610 1366 1727 1414 libri
1764 1367 1915 1428 primi

227 1434 408 1506 (518V)
448 1441 498 1487 et
538 1438 738 1487 Catonis
787 1439 1112 1488 distichorum
1149 1433 1354 1507 (520³),
1402 1441 1654 1488 Michaelis
1695 1439 1915 1502 Syncelli

225 1511 335 1578 περὶ
364 1520 450 1577 τῆς
490 1519 577 1561 τοῦ
615 1512 762 1579 λόγου
804 1513 1075 1572 συντάξεως
1109 1507 1286 1581 (552),
1328 1515 1573 1563 Theodori
1603 1514 1914 1563 Balsamonis

226 1587 416 1652 στίχους
434 1583 679 1651 ἡρωικοὺς
704 1581 860 1655 (569)
888 1593 937 1635 et
962 1589 1250 1650 opusculum
1275 1587 1386 1654 περὶ
1408 1595 1494 1652 τῆς
1520 1585 1787 1651 ὀνομασίας
1817 1595 1914 1635 τῶν

225 1660 456 1726 ῥημάτων
487 1659 569 1709 καὶ
601 1669 797 1727 γενικῆς
829 1661 1100 1721 συντάξεως
1130 1660 1251 1710 κατὰ
1282 1663 1522 1721 παλαιούς
1549 1657 1706 1729 (576)
1739 1662 1852 1709 inde
1885 1677 1915 1709 a

337 1736 459 1783 folio
487 1737 592 1783 584
617 1734 1043 1800 πρεσβευτικὸς
1072 1735 1219 1802 πρὸς
1251 1735 1387 1795 τοὺς
1417 1740 1602 1804 τρῷας
1633 1733 1777 1801 ὑπὲρ
1811 1742 1914 1799 τῆς

227 1808 427 1874 ἕλένης
519 1806 812 1868 ὄδυσσεὺς
843 1826 954 1858 cum
984 1811 1269 1872 protheoria
1295 1804 1473 1876 (rubr.)

336 1883 532 1931 Folium
566 1884 698 1932 587V
733 1884 914 1932 desinit
952 1885 1115 1933 verbis
1151 1892 1270 1933 πᾶσι
1301 1882 1585 1947 βουλόμεθα
1616 1880 1686 1950 (p.
1716 1885 1837 1944 253,
1856 1876 1913 1950 2)

227 1974 356 2020 quae
407 1958 721 2020 excipiuntur
772 1958 826 2006 in
872 1958 993 2006 folio
1036 1960 1137 2008 591
1189 1959 1350 2007 verbis
1405 1965 1700 2021 καταστῆσαι
1746 1954 1915 2020 σαφές.

229 2031 364 2080 Finis
388 2031 433 2080 εἰ
453 2025 598 2080 τοῦθ’
619 2029 740 2095 ὑμῖν
764 2029 958 2096 ἀρέσκοι
989 2026 1060 2099 (p.
1089 2035 1209 2094 286,
1230 2027 1287 2099 3)
1320 2035 1394 2081 est
1416 2033 1468 2079 in
1493 2033 1613 2081 folio
1637 2034 1757 2081 596.

337 2106 456 2154 Tria
486 2106 609 2153 folia
639 2107 936 2168 interposita
970 2107 1262 2156 588—590
1295 2108 1550 2155 continent

338 2179 616 2243 λιβανίου
672 2187 961 2242 σοφιστοῦ
1015 2180 1393 2246 κοιαίστορος
1456 2177 1705 2243 μελέται·
1778 2196 1914 2245 πρε-

229 2252 537 2317 σβευτικὸς
584 2252 729 2317 πρὸς
772 2253 909 2312 τοὺς
949 2261 1155 2319 τρῶας;
1189 2252 1332 2319 ὑπὲρ
1366 2252 1568 2317 ἕλένης
1611 2251 1914 2317 μενέλαοςε

229 2326 456 2375 Succedit
493 2328 546 2374 in
586 2328 707 2375 folio
743 2329 845 2383 596
887 2326 997 2393 περὶ
1034 2328 1320 2393 ῥητορικῶν.
1375 2327 1749 2393 Προγύμνασμά
1786 2326 1916 2376 ἐστιν

228 2397 432 2463 ἄσκησις
464 2401 669 2466 μετρίων
707 2400 830 2465 πρὸς
871 2401 1104 2464 μειζόνων
1143 2401 1404 2468 ἐπίρρωσιν
1442 2400 1740 2466 πραγμάτων
1787 2394 1841 2468 (ἱζ
1874 2417 1914 2449 e.

228 2475 473 2522 Matthaei
499 2474 807 2523 Gamariotae
834 2476 1046 2538 epitome
1071 2476 1144 2526 ed.
1161 2477 1302 2524 Walz
1327 2477 1466 2524 Rhet.
1494 2475 1669 2539 gr.Ip.
1696 2477 1796 2523 121
1818 2468 1915 2540 sq.)

340 2549 410 2596 fol
445 2550 548 2597 597
583 2546 839 2617 ἀφθονίου
873 2556 1111 2611 σοφιστοῦ
1142 2548 1601 2615 προγυμνασμάτων
1632 2546 1816 2614 γένεσις
1847 2547 1916 2607 εἰς

230 2619 286 2669 τὰ
317 2622 550 2687 προοίμια
580 2630 667 2687 τῆς
697 2623 959 2688 ῥητορικῆς

343 2698 446 2744 603
482 2694 697 2758 διαφορὰ
730 2703 903 2759 φωνῆς
943 2690 1276 2763 (Studemund
1309 2696 1492 2745 Anecd.
1516 2712 1638 2744 mus.
1664 2714 1711 2758 p.
1739 2690 1869 2762 288)

342 2765 557 2832 ὀνόματα
590 2777 762 2833 μηνῶν
785 2770 1033 2835 ῥωμαίων,
1058 2770 1346 2835 αἰγυπτίων,
1378 2769 1610 2833 ἓλλήνων,
1636 2768 1914 2833 ἀθηναίων,

232 2840 442 2907 ἕβραίων
1705 2841 1709 2844 ’

345 2918 476 2965 603v
507 2915 616 2982 περὶ
647 2917 901 2966 δικαστῶν.
