2026 3192
948 655 1066 710 VII.
1106 655 1248 710 VIII.

368 794 543 843 Actio
567 793 856 856 Neptuni,
889 810 988 857 qua
1010 796 1053 843 is
1078 796 1289 843 Martem
1314 796 1374 844 ob
1400 796 1765 845 Halirrothium
1788 796 1947 845 filium

257 869 413 932 ipsius
451 868 755 917 trucidatum
799 871 1019 930 accusat,
1067 871 1117 918 et
1163 870 1432 919 defensio
1480 871 1714 932 Martis,
1762 887 1861 933 qua
1904 871 1947 919 is

257 945 364 992 iure
395 943 541 991 illum
574 942 705 1005 quod
728 942 992 1006 Alcippam
1024 944 1180 992 filiam
1203 944 1359 1007 ipsius
1392 945 1638 1008 virginem
1669 945 1948 1008 violaverit,

260 1035 290 1067 a
321 1034 371 1066 se
403 1017 623 1067 occisum
655 1032 758 1065 esse
791 1017 1187 1066 demonstratum
1223 1019 1267 1066 it
1279 1013 1344 1085 1),
1376 1019 1468 1068 etsi
1506 1020 1666 1068 multo
1710 1020 1946 1068 minorem

260 1109 408 1154 quam
441 1089 640 1141 Orestes
679 1093 848 1140 tamen
886 1092 1020 1140 haud
1058 1094 1292 1156 exiguum
1330 1094 1559 1156 plausum
1590 1093 1814 1142 tulerunt
1824 1087 1866 1160 2)
1899 1096 1950 1142 εὴ

258 1168 311 1214 in
335 1166 530 1231 eclogas
548 1166 965 1215 declamationum
987 1170 1215 1230 receptae
1239 1169 1365 1216 sunt.
1409 1168 1541 1217 Satis
1565 1167 1720 1232 igitur
1739 1184 1948 1231 magnus

260 1243 336 1290 est
350 1256 581 1289 numerus
600 1240 823 1289 codicum
841 1241 1019 1303 quibus
1038 1242 1099 1290 ad
1116 1244 1338 1291 nostram
1364 1244 1579 1291 aetatem
1602 1244 1947 1305 pervenerunt.

262 1314 388 1363 Sunt
419 1317 551 1363 enim
580 1315 636 1363 hi
668 1316 758 1363 26:

375 1393 419 1438 1.
444 1389 1040 1451 Hierosolymitanus
1063 1389 1392 1438 bibliothecae
1417 1391 1765 1454 patriarchalis
1792 1390 1838 1440 S.
1866 1390 1948 1439 Se-

259 1463 420 1527 pulcri
454 1466 558 1512 107
593 1457 688 1530 (=
711 1457 783 1530 H)
818 1479 941 1512 saec.
974 1464 1091 1512 XIV
1122 1465 1206 1512 fol.
1244 1465 1346 1513 138
1382 1468 1431 1513 et
1467 1467 1585 1514 140.
1647 1465 1774 1512 Vide
1799 1481 1950 1529 supra

259 1555 306 1601 p.
336 1538 440 1588 150
458 1552 529 1600 sq.
586 1536 795 1586 Contuli.

374 1615 419 1661 2.
454 1611 772 1661 Ghisianus
805 1613 848 1660 R
878 1613 952 1660 VI
984 1615 1051 1661 43
1088 1609 1176 1675 (=
1204 1606 1265 1678 G)
1302 1628 1425 1661 saec.
1458 1607 1728 1678 XIIIJXIV
1758 1614 1844 1664 fol.
1880 1615 1945 1662 26

260 1689 310 1735 et
344 1688 427 1736 28.
489 1686 616 1735 Vide
649 1689 683 1736 t.
715 1686 743 1734 I
773 1704 820 1750 p.
850 1690 917 1736 10
935 1703 1006 1750 sq.
1071 1686 1281 1736 Contuli.

374 1762 420 1810 3.
460 1760 943 1810 Vindobonensis
986 1761 1168 1811 Philos.
1218 1764 1267 1809 et
1299 1760 1477 1809 Philol.
1517 1762 1590 1809 IV
1631 1763 1697 1811 82
1740 1757 1832 1829 (=
1859 1757 1948 1829 Vi)

261 1850 385 1884 saec.
417 1834 536 1882 XIV
574 1835 657 1883 fol.
694 1837 790 1884 23³⁷
822 1838 872 1883 et
906 1836 989 1883 26.
1052 1835 1179 1884 Vide
1219 1852 1369 1898 supra
1401 1853 1447 1897 p.
1477 1837 1579 1884 169
1599 1853 1670 1899 sq.
1735 1835 1947 1885 Contuli.

381 1994 423 2046 1)
457 1990 633 2036 Causae
659 1991 987 2036 celeberrimae
1013 2005 1041 2035 a
1066 2006 1159 2048 qua
1183 1992 1327 2036 etiam
1351 1992 1650 2050 Areopagum
1674 2006 1842 2037 nomen
1875 2006 1947 2036 ac·

262 2050 440 2107 cepisse
463 2050 699 2096 ferebatur
722 2051 938 2106 frequens
962 2051 1138 2096 mentio
1163 2051 1291 2096 facta
1315 2054 1386 2096 est
1411 2052 1536 2108 apud
1561 2052 1948 2110 atthidographos

260 2110 460 2166 (Hellan.
486 2111 507 2153 I
538 2110 592 2154 fr.
620 2115 674 2154 69
701 2112 747 2154 et
772 2115 850 2165 823
883 2110 1142 2155 Philochor.
1169 2111 1211 2155 H
1234 2111 1289 2154 fr.
1318 2116 1371 2155 16
1390 2111 1470 2168 M),
1501 2112 1705 2169 tragicos
1731 2112 1854 2168 (Eur.
1878 2111 1947 2155 El.

264 2174 376 2213 1258
396 2185 462 2226 sq.
495 2170 596 2226 Iph.
629 2169 679 2213 T.
708 2174 792 2213 945
811 2172 912 2226 sq.),
949 2171 1154 2214 oratores
1187 2170 1332 2227 (Dem.
1368 2185 1405 2214 c.
1439 2171 1658 2215 Aristocr.
1692 2175 1716 2224 ξ
1751 2175 1827 2225 66;
1868 2171 1949 2214 Di-

260 2229 418 2273 narch.
452 2243 489 2273 c.
521 2228 652 2273 Dem.
688 2235 712 2283 ξ
734 2233 811 2282 873
844 2228 1035 2273 Aristid.
1069 2229 1264 2274 Panath.
1291 2233 1323 2274 t.
1348 2230 1370 2273 Ι
1399 2245 1443 2286 p.
1472 2234 1571 2285 170,
1589 2235 1643 2273 22
1677 2244 1781 2274 cum
1805 2230 1947 2274 schol.

261 2292 294 2332 t.
317 2288 381 2332 ΠΙ
418 2303 462 2345 p.
490 2293 561 2343 64,
580 2293 633 2331 17
657 2303 722 2344 sq.
757 2288 828 2332 ed.
859 2288 1021 2342 Dind.;
1053 2289 1265 2333 Aeschin.
1303 2304 1372 2346 ep.
1406 2289 1469 2332 XI
1493 2291 1551 2345 8),
1582 2289 1948 2346 mythographos

263 2347 493 2405 (Apollod.
535 2347 647 2392 bibl.
672 2347 737 2390 III
778 2353 911 2402 14,2;
960 2348 1139 2392 Paus.I
1175 2353 1245 2401 21,
1265 2353 1287 2391 7
1330 2351 1377 2392 et
1417 2353 1487 2404 28,
1505 2350 1562 2404 4),
1596 2347 1948 2406 lexicographos

263 2407 384 2463 (Lex.
420 2406 607 2465 Seguer.
640 2407 709 2450 ed.
743 2406 928 2451 Bekker
959 2407 1131 2451 Anecd.
1165 2423 1210 2464 p.
1236 2412 1337 2461 444,
1358 2413 1380 2451 1
1401 2422 1466 2462 sq.
1494 2430 1549 2445 -ε
1575 2407 1647 2451 Et.
1673 2408 1733 2451 M.
1769 2409 1815 2451 et
1847 2407 1949 2451 Sui-

263 2467 346 2509 das
378 2480 411 2509 s.
437 2480 476 2509 v.
501 2463 672 2519 ’Ἄρειος
702 2465 863 2523 πάγος.
898 2466 1054 2522 Steph.
1090 2467 1197 2523 Byz.
1233 2481 1265 2510 s.
1291 2469 1365 2523 v.).
1427 2466 1646 2511 Narratio
1686 2468 1842 2510 autem
1874 2466 1948 2510 Li-

261 2524 391 2568 banii
424 2525 653 2582 copiosior
684 2527 754 2569 est
776 2524 990 2581 reliquis3
1024 2526 1084 2568 ad
1110 2540 1250 2582 quam
1274 2526 1643 2570 concinnandam
1667 2540 1771 2569 eum
1794 2525 1949 2569 Atthi-

263 2584 324 2627 da
369 2583 627 2640 inspexisse
674 2599 813 2640 quam
859 2586 1045 2629 tantum
1093 2599 1117 2628 e
1170 2585 1319 2629 lexico
1365 2585 1680 2642 mythologico
1737 2584 1948 2628 hausisse
2005 2628 2010 2636 ,

261 2643 551 2699 probabilius
593 2645 675 2688 est.
738 2644 810 2687 Ab
851 2658 906 2687 ea
945 2657 1086 2699 quam
1126 2644 1376 2688 scholiasta
1400 2644 1619 2688 Aristidis
1644 2644 1674 2687 l.
1700 2642 1731 2686 1.
1755 2644 1948 2700 praebet

262 2702 477 2747 nonnihil
508 2703 696 2747 recedit.
762 2701 828 2747 cf.
861 2719 904 2760 p.
932 2707 1031 2747 450.

382 2763 425 2818 2)
458 2762 510 2806 A.
538 2761 706 2817 Gasda,
733 2761 966 2806 Kritische
990 2761 1345 2820 Bemerkungen
1370 2777 1426 2806 zu
1450 2763 1540 2807 den
1563 2761 1949 2806 Declamationen

263 2820 344 2864 des
375 2820 596 2865 Libanios
627 2836 671 2878 p.
707 2825 761 2865 15
795 2835 900 2865 cum
932 2820 1294 2865 declamationes
1334 2822 1482 2865 fetum
1519 2821 1817 2864 immaturum
1855 2820 1947 2864 for-

262 2881 386 2924 tasse
417 2879 615 2924 rhetoris
647 2880 896 2936 Byzantini
928 2893 1027 2924 esse
1060 2879 1180 2923 dixit
1211 2881 1380 2924 mirum
1411 2882 1637 2937 quantum
1669 2893 1696 2922 a
1729 2893 1833 2922 vero
1866 2879 1947 2922 ab-

264 2938 446 2982 erravit.
