2026 3192
155 1063 240 1100 225

255 104 362 157 298
738 104 922 148 LIBAN
923 104 966 148 11
994 103 1386 149 DECLAMATIO
1419 104 1460 147 V

365 246 447 293 61.
479 245 854 306 Mosquensis
888 245 994 292 489
1028 260 1153 293 saec.
1185 244 1278 292 XV
1308 245 1393 294 fol.
1431 247 1574 294 102V.
1636 245 1761 293 Vide
1793 261 1943 308 supra

248 336 295 381 ῃ
325 320 839 440 Ἔξεῖὲιηῑηθηεῑε
870 393 922 441 Π
946 393 991 440 n
1028 395 1056 440 7
1084 387 1243 458 (CVI)
1275 408 1399 442 saec.
1429 393 1523 441 xv
1553 394 1638 441 fol.
1673 396 1757 442 23.
1812 394 1940 443 vide

247 470 282 515 t·
308 467 801 590 H613·.55?astsi.canus
833 540 1152 589 Palatinus
1176 527 1247 605 gr.
1277 542 1381 589 154
1407 557 1531 590 saec.
1556 541 1675 589 XVI
1703 542 1789 589 fol.
1816 543 1937 590 212.

246 614 372 663 Vide
404 630 555 678 supra
584 632 631 677 p.
661 616 780 664 160.

360 690 443 737 64.
475 689 820 738 Marcianus
864 706 935 753 gr.
969 690 1076 736 440
1109 704 1237 737 anno
1274 691 1414 737 1423
1449 692 1678 738 exaratus
1710 690 1795 738 fol.
1831 691 1938 738 15v.

247 762 373 811 Vide
405 765 441 811 t.
464 763 517 811 ΙΙ
546 781 593 826 p.
621 765 725 811 229
745 779 816 825 sq.

356 837 550 886 Nomen
574 837 792 886 auctoris
804 832 1104 900 Ἀριστείδου
1128 837 1266 885 deest
1281 839 1333 884 in
1357 837 1509 886 titulo
1534 854 1685 900 quem
1708 838 1939 886 exhibent

359 911 443 960 65.
489 911 830 960 Marcianus
886 928 958 974 gr.
1004 913 1109 959 422
1166 927 1290 960 saec.
1334 911 1425 958 XV
1478 912 1564 960 fol.
1612 914 1731 962 179.
1807 912 1936 960 Vide

245 988 279 1032 t.
303 985 357 1032 H
385 1002 433 1047 p.
462 987 507 1034 3.
541 988 592 1033 et

359 1061 440 1108 66.
488 1059 812 1108 Vaticanus
860 1077 932 1123 gr.
968 1061 1074 1108 930
1119 1059 1442 1122 bombycinus
1493 1061 1682 1108 formae
1729 1062 1936 1123 quartae

244 1133 431 1181 saeculi
460 1133 579 1182 XIV
612 1135 699 1196 qui
730 1136 951 1182 continet
981 1135 1094 1196 post
1117 1133 1354 1182 Aristidis
1386 1132 1734 1199 πρεσβευτικὸν
1764 1134 1880 1183 inde
1906 1150 1936 1181 a

241 1207 363 1255 folio
404 1209 537 1256 202v
566 1224 724 1270 usque
757 1207 821 1255 ad
853 1209 958 1256 215

354 1282 630 1346 λιβανίου
671 1289 961 1344 σοφιστοῦ
1007 1279 1427 1348 ἀντιρρητικὸς
1472 1280 1618 1346 πρὸς
1665 1279 1934 1332 ὀδυσσέα.

241 1352 525 1420 ἀχιλλεύς.

350 1430 552 1492 Inspexi
582 1446 711 1479 anno
747 1431 905 1479 1869.

351 1504 523 1552 Etiam
553 1502 677 1570 πρὸς
706 1503 794 1554 τὸν
819 1497 1055 1553 Ὀδυσσέα
1087 1504 1339 1566 omittunt,
1368 1507 1425 1551 ut
1449 1504 1663 1553 Thomas
1694 1505 1936 1569 Magister

239 1594 288 1639 p.
321 1579 443 1639 309,
465 1582 510 1640 1,

354 1653 437 1700 67.
485 1654 810 1701 Vaticanus
858 1670 931 1717 gr.
965 1654 1034 1700 84
1083 1669 1212 1701 anno
1264 1654 1403 1701 1425
1453 1656 1682 1701 exaratus
1728 1653 1813 1701 fol.
1847 1655 1932 1701 89.

239 1726 367 1774 Vide
398 1729 435 1774 t.
458 1727 485 1774 I
512 1744 559 1789 p.
586 1728 691 1775 415
710 1741 781 1789 sq.
816 1729 865 1774 et
989 1732 993 1737 ⁴

354 1801 437 1848 68.
469 1801 783 1849 Parisinus
815 1818 887 1865 gr.
923 1803 1064 1849 3018
1099 1817 1225 1849 saec.
1257 1801 1349 1848 XV
1379 1802 1463 1850 fol.
1493 1803 1576 1850 92.
1623 1801 1749 1848 Vide
1782 1816 1932 1863 supra

239 1891 285 1935 p.
315 1875 417 1922 173
433 1890 504 1937 sq.
1562 1932 1563 1935 Ἴ

276 1986 285 1996 .
349 1948 505 1997 Paulo
552 1950 713 1998 maior
750 1953 826 1997 est
870 1949 1086 1997 mutatio
1132 1951 1187 1996 in
1233 1950 1393 1998 forma
1438 1947 1613 2014 λόγος
1654 1946 1930 2015 ἀντιρρη-

238 2020 397 2081 τικὸς
429 2020 707 2087 ἀχιλλέως
736 2021 881 2089 πρὸς
913 2019 1167 2072 ὀδυσσέα
1197 2040 1347 2086 quam
1378 2022 1575 2071 exhibet

352 2097 434 2144 69.
468 2097 903 2146 Ambrosianus
934 2096 962 2145 Ι
993 2099 1061 2145 49
1096 2113 1202 2159 sup.
1235 2113 1363 2146 anno
1399 2098 1539 2145 1488
1580 2100 1810 2146 exaratus
1842 2098 1929 2146 fol.

241 2171 362 2218 316.
427 2170 550 2218 Vide
581 2173 616 2218 t.
641 2171 668 2218 I
698 2188 745 2232 p.
772 2172 877 2220 363
896 2187 984 2233 sq.‚

237 2243 453 2292 maxima
480 2244 533 2291 in
563 2246 723 2293 forma
755 2241 1173 2309 ἀντιρρητικὸς
1204 2251 1268 2312 τῇ
1301 2243 1507 2312 μελέτῃ
1538 2251 1641 2293 τοῦ
1673 2242 1927 2309 ἀριστεί-

239 2317 344 2366 ὃου
375 2324 440 2386 τῇ
473 2316 584 2367 ἀπὸ
616 2317 716 2368 τὸν
747 2315 982 2382 ἆχιλλέα
1014 2335 1163 2380 quam
1193 2319 1378 2367 habent
1408 2319 1598 2367 codices

353 2393 436 2441 70.
469 2391 911 2441 Laurentianus
943 2391 1085 2440 LVII
1120 2395 1186 2440 27
1222 2408 1351 2440 anno
1388 2395 1527 2441 1392
1572 2395 1801 2441 exaratus
1841 2392 1927 2440 fol.

242 2466 359 2513 120.
421 2466 549 2514 Vide
580 2469 616 2514 t.
638 2466 666 2513 I
695 2483 743 2528 p.
771 2467 838 2513 59
858 2481 929 2527 sq.

239 2541 288 2586 et
320 2539 406 2601 qui
439 2556 495 2587 ex
527 2556 583 2588 eo
615 2540 758 2588 fiuxit

349 2615 432 2660 71.
472 2613 1063 2662 Wolfenbuttelanus
1098 2613 1221 2662 Gud.
1250 2617 1351 2663 511
1396 2630 1520 2663 saec.
1551 2614 1644 2661 XV
1683 2614 1766 2662 fol.
1803 2615 1923 2662 131.

235 2685 360 2734 Vide
391 2688 427 2734 t.
451 2687 478 2734 I
507 2705 554 2749 p.
582 2689 650 2735 64
668 2704 739 2749 sq.

347 2759 600 2824 Originem
631 2776 657 2809 e
689 2776 892 2824 corpore
923 2761 1174 2810 Aristideo
1206 2761 1407 2809 ductam
1435 2761 1604 2824 prodit
1633 2761 1811 2809 titulus

345 2831 762 2900 ἀντιρρητικὸς
779 2833 1038 2900 πρὸςτὸν
1056 2834 1556 2900 προηγησάμενον
1573 2833 1920 2899 λιβανίουὶῌ

234 2922 331 2967 quo
350 2907 575 2971 λιβανίου
594 2908 655 2955 ad
673 2905 1010 2974 ἀντιρρητικὸς
1032 2908 1249 2971 pertinet
1271 2909 1425 2956 trium
1450 2908 1673 2957 codicum
1697 2909 1782 2969 qui
1806 2910 1923 2965 sunt
