<?xml version="1.0" encoding="UTF-8"?>
<!DOCTYPE html PUBLIC "-//W3C//DTD XHTML 1.0 Transitional//EN"
    "http://www.w3.org/TR/xhtml1/DTD/xhtml1-transitional.dtd">
<html xmlns="http://www.w3.org/1999/xhtml" xml:lang="en" lang="en">
 <head>
  <title>
</title>
<meta http-equiv="Content-Type" content="text/html;charset=utf-8" />
  <meta name='ocr-system' content='tesseract 3.04.00' />
  <meta name='ocr-capabilities' content='ocr_page ocr_carea ocr_par ocr_line ocrx_word'/>
</head>
<body>
  <div class='ocr_page' id='page_1' title='image "./operarecensuitri05libauoft/operarecensuitri05libauoft_0014.png"; bbox 0 0 2054 3192; ppageno 0'>
   <div class='ocr_carea' id='block_1_1' title="bbox 212 164 1418 217">
    <p class='ocr_par' dir='ltr' id='par_1_1' title="bbox 212 164 1418 217">
     <span class='ocr_line' id='line_1_1' title="bbox 212 164 1418 217; baseline 0.003 -12"><span class='ocrx_word' id='word_1_1' title='bbox 212 165 251 217; x_wconf 87' lang='lat'>4</span> <span class='ocrx_word' id='word_1_2' title='bbox 713 164 941 208; x_wconf 90' lang='lat' dir='ltr'>LIBANII</span> <span class='ocrx_word' id='word_1_3' title='bbox 972 164 1365 210; x_wconf 86' lang='lat' dir='ltr'>DECLAMATIO</span> <span class='ocrx_word' id='word_1_4' title='bbox 1397 166 1418 209; x_wconf 90' lang='grc' dir='ltr'><strong>Ι</strong></span> 
     </span>
    </p>
   </div>
   <div class='ocr_carea' id='block_1_2' title="bbox 207 300 1906 1921">
    <p class='ocr_par' dir='ltr' id='par_1_2' title="bbox 208 300 1906 1182">
     <span class='ocr_line' id='line_1_2' title="bbox 327 300 1905 373; baseline 0.002 -21"><span class='ocrx_word' id='word_1_5' title='bbox 327 305 495 353; x_wconf 85' lang='lat' dir='ltr'><strong>Etiam</strong></span> <span class='ocrx_word' id='word_1_6' title='bbox 527 306 690 352; x_wconf 89' lang='lat' dir='ltr'><strong>minus</strong></span> <span class='ocrx_word' id='word_1_7' title='bbox 730 304 930 366; x_wconf 89' lang='lat' dir='ltr'><strong>probari</strong></span> <span class='ocrx_word' id='word_1_8' title='bbox 960 306 1147 366; x_wconf 88' lang='lat' dir='ltr'><strong>poterit</strong></span> <span class='ocrx_word' id='word_1_9' title='bbox 1186 307 1353 368; x_wconf 93' lang='lat' dir='ltr'><strong>opinio</strong></span> <span class='ocrx_word' id='word_1_10' title='bbox 1387 300 1607 373; x_wconf 71' lang='lat' dir='ltr'><strong>eoruml)</strong></span> <span class='ocrx_word' id='word_1_11' title='bbox 1641 309 1727 368; x_wconf 91' lang='lat' dir='ltr'><strong>qui</strong></span> <span class='ocrx_word' id='word_1_12' title='bbox 1758 307 1905 355; x_wconf 91' lang='lat' dir='ltr'><strong>Liba·</strong></span> 
     </span>
     <span class='ocr_line' id='line_1_3' title="bbox 214 378 1906 443; baseline 0.002 -17"><span class='ocrx_word' id='word_1_13' title='bbox 214 379 352 427; x_wconf 90' lang='lat' dir='ltr'><strong>nium</strong></span> <span class='ocrx_word' id='word_1_14' title='bbox 385 395 483 427; x_wconf 93' lang='lat' dir='ltr'><strong>non</strong></span> <span class='ocrx_word' id='word_1_15' title='bbox 506 379 783 440; x_wconf 87' lang='lat' dir='ltr'><strong>Polycratis</strong></span> <span class='ocrx_word' id='word_1_16' title='bbox 808 378 1122 443; x_wconf 75' lang='grc' dir='ltr'><em>κατηγορίαν,</em></span> <span class='ocrx_word' id='word_1_17' title='bbox 1155 380 1241 427; x_wconf 91' lang='lat' dir='ltr'><strong>sed</strong></span> <span class='ocrx_word' id='word_1_18' title='bbox 1271 379 1546 427; x_wconf 90' lang='lat' dir='ltr'><strong>orationem</strong></span> <span class='ocrx_word' id='word_1_19' title='bbox 1571 397 1669 442; x_wconf 90' lang='lat' dir='ltr'><strong>qua</strong></span> <span class='ocrx_word' id='word_1_20' title='bbox 1694 381 1906 443; x_wconf 81' lang='lat' dir='ltr'><strong>Lysias</strong></span> 
     </span>
     <span class='ocr_line' id='line_1_4' title="bbox 213 453 1906 503; baseline 0.001 -2"><span class='ocrx_word' id='word_1_21' title='bbox 213 453 342 501; x_wconf 85' lang='lat' dir='ltr'><strong>hanc</strong></span> <span class='ocrx_word' id='word_1_22' title='bbox 380 453 687 500; x_wconf 73' lang='lat' dir='ltr'><strong>refutaverat</strong></span> <span class='ocrx_word' id='word_1_23' title='bbox 726 454 948 500; x_wconf 90' lang='lat' dir='ltr'><strong>secutum</strong></span> <span class='ocrx_word' id='word_1_24' title='bbox 987 468 1090 501; x_wconf 87' lang='lat' dir='ltr'><strong>esse</strong></span> <span class='ocrx_word' id='word_1_25' title='bbox 1124 453 1440 501; x_wconf 77' lang='lat' dir='ltr'><strong>arbitrantur.</strong></span> <span class='ocrx_word' id='word_1_26' title='bbox 1504 455 1632 502; x_wconf 90' lang='lat' dir='ltr'><strong>Nam</strong></span> <span class='ocrx_word' id='word_1_27' title='bbox 1672 471 1770 503; x_wconf 91' lang='lat' dir='ltr'><strong>non</strong></span> <span class='ocrx_word' id='word_1_28' title='bbox 1801 458 1906 503; x_wconf 92' lang='lat' dir='ltr'><strong>tam</strong></span> 
     </span>
     <span class='ocr_line' id='line_1_5' title="bbox 213 526 1903 590; baseline 0.001 -15"><span class='ocrx_word' id='word_1_29' title='bbox 213 527 395 575; x_wconf 84' lang='lat' dir='ltr'>miselli</span> <span class='ocrx_word' id='word_1_30' title='bbox 427 526 665 574; x_wconf 90' lang='lat' dir='ltr'><strong>Libanius</strong></span> <span class='ocrx_word' id='word_1_31' title='bbox 697 526 795 574; x_wconf 87' lang='lat' dir='ltr'><strong>fuit</strong></span> <span class='ocrx_word' id='word_1_32' title='bbox 824 527 1026 590; x_wconf 88' lang='lat' dir='ltr'><strong>ingenii,</strong></span> <span class='ocrx_word' id='word_1_33' title='bbox 1058 529 1115 574; x_wconf 90' lang='lat' dir='ltr'><strong>ut</strong></span> <span class='ocrx_word' id='word_1_34' title='bbox 1145 528 1270 574; x_wconf 84' lang='lat' dir='ltr'>nihil</span> <span class='ocrx_word' id='word_1_35' title='bbox 1301 529 1398 575; x_wconf 89' lang='lat' dir='ltr'><strong>nisi</strong></span> <span class='ocrx_word' id='word_1_36' title='bbox 1431 527 1491 575; x_wconf 91' lang='lat' dir='ltr'><strong>ab</strong></span> <span class='ocrx_word' id='word_1_37' title='bbox 1525 528 1636 576; x_wconf 89' lang='lat' dir='ltr'><strong>aliis</strong></span> <span class='ocrx_word' id='word_1_38' title='bbox 1669 528 1801 576; x_wconf 89' lang='lat' dir='ltr'><strong>dicta</strong></span> <span class='ocrx_word' id='word_1_39' title='bbox 1832 546 1903 577; x_wconf 88' lang='lat' dir='ltr'><strong>re·</strong></span> 
     </span>
     <span class='ocr_line' id='line_1_6' title="bbox 211 600 1904 665; baseline 0.001 -16"><span class='ocrx_word' id='word_1_40' title='bbox 211 604 458 663; x_wconf 74' lang='lat' dir='ltr'><strong>coqueret.</strong></span> <span class='ocrx_word' id='word_1_41' title='bbox 519 601 695 662; x_wconf 87' lang='lat' dir='ltr'><strong>Neque</strong></span> <span class='ocrx_word' id='word_1_42' title='bbox 727 603 842 648; x_wconf 90' lang='lat' dir='ltr'><strong>sunt</strong></span> <span class='ocrx_word' id='word_1_43' title='bbox 873 616 998 663; x_wconf 87' lang='lat' dir='ltr'><strong>quae</strong></span> <span class='ocrx_word' id='word_1_44' title='bbox 1029 602 1083 648; x_wconf 89' lang='lat' dir='ltr'><strong>in</strong></span> <span class='ocrx_word' id='word_1_45' title='bbox 1106 600 1286 663; x_wconf 82' lang='lat' dir='ltr'><strong>Lysiae</strong></span> <span class='ocrx_word' id='word_1_46' title='bbox 1311 602 1545 665; x_wconf 77' lang='lat' dir='ltr'><strong>apologia</strong></span> <span class='ocrx_word' id='word_1_47' title='bbox 1569 618 1680 650; x_wconf 90' lang='lat' dir='ltr'><strong>curn</strong></span> <span class='ocrx_word' id='word_1_48' title='bbox 1712 619 1768 650; x_wconf 93' lang='lat' dir='ltr'><strong>eo</strong></span> <span class='ocrx_word' id='word_1_49' title='bbox 1782 605 1904 651; x_wconf 79' lang='lat' dir='ltr'><strong>‘con-</strong></span> 
     </span>
     <span class='ocr_line' id='line_1_7' title="bbox 212 674 1904 725; baseline 0.001 -2"><span class='ocrx_word' id='word_1_50' title='bbox 212 677 429 723; x_wconf 86' lang='lat' dir='ltr'><strong>veniant.</strong></span> <span class='ocrx_word' id='word_1_51' title='bbox 492 674 677 722; x_wconf 87' lang='lat' dir='ltr'><strong>Versus</strong></span> <span class='ocrx_word' id='word_1_52' title='bbox 709 674 768 722; x_wconf 88' lang='lat' dir='ltr'><strong>de</strong></span> <span class='ocrx_word' id='word_1_53' title='bbox 792 674 937 722; x_wconf 82' lang='lat' dir='ltr'><strong>Ulixe</strong></span> <span class='ocrx_word' id='word_1_54' title='bbox 962 675 1249 723; x_wconf 83' lang='lat' dir='ltr'><strong>Homericos</strong></span> <span class='ocrx_word' id='word_1_55' title='bbox 1274 676 1486 723; x_wconf 90' lang='lat' dir='ltr'><strong>alterum</strong></span> <span class='ocrx_word' id='word_1_56' title='bbox 1512 677 1667 725; x_wconf 89' lang='lat' dir='ltr'><strong>altero</strong></span> <span class='ocrx_word' id='word_1_57' title='bbox 1700 678 1904 725; x_wconf 89' lang='lat' dir='ltr'><strong>consilio</strong></span> 
     </span>
     <span class='ocr_line' id='line_1_8' title="bbox 211 748 1905 815; baseline 0.001 -18"><span class='ocrx_word' id='word_1_58' title='bbox 211 750 479 813; x_wconf 91' lang='lat' dir='ltr'><strong>protulisse</strong></span> <span class='ocrx_word' id='word_1_59' title='bbox 513 765 570 795; x_wconf 89' lang='lat' dir='ltr'><strong>ex</strong></span> <span class='ocrx_word' id='word_1_60' title='bbox 600 750 662 796; x_wconf 93' lang='lat' dir='ltr'><strong>iis</strong></span> <span class='ocrx_word' id='word_1_61' title='bbox 697 764 824 810; x_wconf 87' lang='lat' dir='ltr'><strong>quae</strong></span> <span class='ocrx_word' id='word_1_62' title='bbox 856 764 1006 811; x_wconf 91' lang='lat' dir='ltr'><strong>supra</strong></span> <span class='ocrx_word' id='word_1_63' title='bbox 1039 748 1188 796; x_wconf 89' lang='lat' dir='ltr'><strong>attuli</strong></span> <span class='ocrx_word' id='word_1_64' title='bbox 1227 749 1539 811; x_wconf 80' lang='lat' dir='ltr'><strong>perspicitur.</strong></span> <span class='ocrx_word' id='word_1_65' title='bbox 1602 750 1787 798; x_wconf 92' lang='lat' dir='ltr'><strong>Mentio</strong></span> <span class='ocrx_word' id='word_1_66' title='bbox 1819 757 1905 815; x_wconf 81' lang='grc' dir='ltr'><strong>τῆς</strong></span> 
     </span>
     <span class='ocr_line' id='line_1_9' title="bbox 212 817 1904 890; baseline 0.001 -19"><span class='ocrx_word' id='word_1_67' title='bbox 212 823 580 889; x_wconf 76' lang='grc' dir='ltr'><em>βυρσοδεψικῆς</em></span> <span class='ocrx_word' id='word_1_68' title='bbox 610 822 768 884; x_wconf 84' lang='lat' dir='ltr'><strong>Anyti</strong></span> <span class='ocrx_word' id='word_1_69' title='bbox 801 839 828 869; x_wconf 92' lang='lat' dir='ltr'><strong>a</strong></span> <span class='ocrx_word' id='word_1_70' title='bbox 869 821 1071 870; x_wconf 83' lang='lat' dir='ltr'><strong>Socrate</strong></span> <span class='ocrx_word' id='word_1_71' title='bbox 1110 823 1244 870; x_wconf 86' lang='lat' dir='ltr'><strong>facta</strong></span> <span class='ocrx_word' id='word_1_72' title='bbox 1283 839 1441 885; x_wconf 90' lang='lat' dir='ltr'><strong>neque</strong></span> <span class='ocrx_word' id='word_1_73' title='bbox 1481 817 1712 890; x_wconf 74' lang='lat' dir='ltr'><strong>Lysiae2)</strong></span> <span class='ocrx_word' id='word_1_74' title='bbox 1744 841 1904 886; x_wconf 84' lang='lat' dir='ltr'><strong>neque</strong></span> 
     </span>
     <span class='ocr_line' id='line_1_10' title="bbox 212 890 1903 963; baseline 0.001 -20"><span class='ocrx_word' id='word_1_75' title='bbox 212 897 410 945; x_wconf 88' lang='lat' dir='ltr'><strong>Libanii</strong></span> <span class='ocrx_word' id='word_1_76' title='bbox 436 890 504 963; x_wconf 85' lang='lat' dir='ltr'><strong>(p.</strong></span> <span class='ocrx_word' id='word_1_77' title='bbox 534 898 617 958; x_wconf 82' lang='lat'><strong>28,</strong></span> <span class='ocrx_word' id='word_1_78' title='bbox 639 899 705 943; x_wconf 85' lang='lat'><strong>14</strong></span> <span class='ocrx_word' id='word_1_79' title='bbox 725 890 819 962; x_wconf 85' lang='lat' dir='ltr'><strong>sq.)</strong></span> <span class='ocrx_word' id='word_1_80' title='bbox 845 898 1050 959; x_wconf 91' lang='lat' dir='ltr'><strong>propria</strong></span> <span class='ocrx_word' id='word_1_81' title='bbox 1072 897 1183 944; x_wconf 85' lang='lat' dir='ltr'><strong>fuit.</strong></span> <span class='ocrx_word' id='word_1_82' title='bbox 1232 896 1361 953; x_wconf 84' lang='lat' dir='ltr'><strong>Quid</strong></span> <span class='ocrx_word' id='word_1_83' title='bbox 1383 914 1499 945; x_wconf 84' lang='lat' dir='ltr'><strong>vero</strong></span> <span class='ocrx_word' id='word_1_84' title='bbox 1525 897 1740 946; x_wconf 88' lang='lat' dir='ltr'><strong>Palladii</strong></span> <span class='ocrx_word' id='word_1_85' title='bbox 1771 915 1903 946; x_wconf 92' lang='lat' dir='ltr'><strong>men-</strong></span> 
     </span>
     <span class='ocr_line' id='line_1_11' title="bbox 211 964 1902 1036; baseline 0.001 -18"><span class='ocrx_word' id='word_1_86' title='bbox 211 972 346 1019; x_wconf 90' lang='lat' dir='ltr'><strong>tione</strong></span> <span class='ocrx_word' id='word_1_87' title='bbox 394 971 522 1019; x_wconf 86' lang='lat' dir='ltr'><strong>effici</strong></span> <span class='ocrx_word' id='word_1_88' title='bbox 565 970 753 1031; x_wconf 90' lang='lat' dir='ltr'><strong>credes,</strong></span> <span class='ocrx_word' id='word_1_89' title='bbox 807 972 850 1019; x_wconf 92' lang='lat' dir='ltr'><strong>si</strong></span> <span class='ocrx_word' id='word_1_90' title='bbox 896 964 1126 1036; x_wconf 85' lang='lat' dir='ltr'><strong>Lysias3)</strong></span> <span class='ocrx_word' id='word_1_91' title='bbox 1173 971 1226 1017; x_wconf 91' lang='lat' dir='ltr'><strong>id</strong></span> <span class='ocrx_word' id='word_1_92' title='bbox 1282 987 1310 1019; x_wconf 90' lang='lat' dir='ltr'><strong>a</strong></span> <span class='ocrx_word' id='word_1_93' title='bbox 1357 972 1617 1032; x_wconf 87' lang='lat' dir='ltr'><strong>Diomede,</strong></span> <span class='ocrx_word' id='word_1_94' title='bbox 1663 971 1902 1021; x_wconf 86' lang='lat' dir='ltr'><strong>Libanius</strong></span> 
     </span>
     <span class='ocr_line' id='line_1_12' title="bbox 211 1038 1901 1112; baseline 0.002 -21"><span class='ocrx_word' id='word_1_95' title='bbox 211 1038 281 1112; x_wconf 89' lang='lat' dir='ltr'><strong>(p.</strong></span> <span class='ocrx_word' id='word_1_96' title='bbox 319 1048 347 1093; x_wconf 88' lang='lat'><strong>7</strong></span> <span class='ocrx_word' id='word_1_97' title='bbox 357 1047 402 1107; x_wconf 78' lang='grc'><strong>2,</strong></span> <span class='ocrx_word' id='word_1_98' title='bbox 424 1038 515 1111; x_wconf 89' lang='lat'><strong>10)</strong></span> <span class='ocrx_word' id='word_1_99' title='bbox 555 1045 616 1092; x_wconf 91' lang='lat' dir='ltr'><strong>ab</strong></span> <span class='ocrx_word' id='word_1_100' title='bbox 660 1044 799 1092; x_wconf 87' lang='lat' dir='ltr'><strong>Ulixe</strong></span> <span class='ocrx_word' id='word_1_101' title='bbox 837 1046 1039 1106; x_wconf 90' lang='lat' dir='ltr'><strong>raptum</strong></span> <span class='ocrx_word' id='word_1_102' title='bbox 1085 1060 1189 1093; x_wconf 89' lang='lat' dir='ltr'><strong>esse</strong></span> <span class='ocrx_word' id='word_1_103' title='bbox 1235 1043 1393 1093; x_wconf 80' lang='lat' dir='ltr'><strong>dixit?</strong></span> <span class='ocrx_word' id='word_1_104' title='bbox 1465 1045 1561 1093; x_wconf 83' lang='lat' dir='ltr'><strong>Sed</strong></span> <span class='ocrx_word' id='word_1_105' title='bbox 1601 1047 1750 1094; x_wconf 89' lang='lat' dir='ltr'><strong>etiam</strong></span> <span class='ocrx_word' id='word_1_106' title='bbox 1793 1049 1901 1094; x_wconf 90' lang='lat' dir='ltr'><strong>tota</strong></span> 
     </span>
     <span class='ocr_line' id='line_1_13' title="bbox 208 1118 1542 1182; baseline 0 -16"><span class='ocrx_word' id='word_1_107' title='bbox 208 1134 420 1182; x_wconf 90' lang='lat' dir='ltr'><strong>persona</strong></span> <span class='ocrx_word' id='word_1_108' title='bbox 454 1134 603 1180; x_wconf 89' lang='lat' dir='ltr'><strong>quam</strong></span> <span class='ocrx_word' id='word_1_109' title='bbox 631 1119 799 1166; x_wconf 89' lang='lat' dir='ltr'><strong>rhetor</strong></span> <span class='ocrx_word' id='word_1_110' title='bbox 829 1118 991 1166; x_wconf 90' lang='lat' dir='ltr'><strong>induit</strong></span> <span class='ocrx_word' id='word_1_111' title='bbox 1023 1135 1052 1166; x_wconf 91' lang='lat' dir='ltr'><strong>a</strong></span> <span class='ocrx_word' id='word_1_112' title='bbox 1076 1118 1228 1181; x_wconf 85' lang='lat' dir='ltr'><strong>Lysia</strong></span> <span class='ocrx_word' id='word_1_113' title='bbox 1260 1119 1423 1167; x_wconf 89' lang='lat' dir='ltr'><strong>aliena</strong></span> <span class='ocrx_word' id='word_1_114' title='bbox 1456 1122 1542 1167; x_wconf 90' lang='lat' dir='ltr'><strong>est.</strong></span> 
     </span>
    </p>

    <p class='ocr_par' dir='ltr' id='par_1_3' title="bbox 209 1193 1901 1699">
     <span class='ocr_line' id='line_1_14' title="bbox 317 1193 1901 1256; baseline 0 -15"><span class='ocrx_word' id='word_1_115' title='bbox 317 1193 486 1241; x_wconf 87' lang='lat' dir='ltr'><strong>Etiam</strong></span> <span class='ocrx_word' id='word_1_116' title='bbox 517 1195 570 1240; x_wconf 93' lang='lat' dir='ltr'><strong>in</strong></span> <span class='ocrx_word' id='word_1_117' title='bbox 602 1194 907 1255; x_wconf 86' lang='lat' dir='ltr'><strong>argumentis</strong></span> <span class='ocrx_word' id='word_1_118' title='bbox 943 1194 1159 1240; x_wconf 90' lang='lat' dir='ltr'><strong>orationi</strong></span> <span class='ocrx_word' id='word_1_119' title='bbox 1176 1193 1457 1255; x_wconf 88' lang='lat' dir='ltr'><strong>Polycratis</strong></span> <span class='ocrx_word' id='word_1_120' title='bbox 1491 1194 1796 1256; x_wconf 88' lang='lat' dir='ltr'><strong>opponendis</strong></span> <span class='ocrx_word' id='word_1_121' title='bbox 1820 1194 1901 1241; x_wconf 89' lang='lat' dir='ltr'><strong>Li·</strong></span> 
     </span>
     <span class='ocr_line' id='line_1_15' title="bbox 209 1267 1899 1330; baseline 0.001 -15"><span class='ocrx_word' id='word_1_122' title='bbox 209 1268 387 1315; x_wconf 90' lang='lat' dir='ltr'><strong>banius</strong></span> <span class='ocrx_word' id='word_1_123' title='bbox 419 1283 602 1330; x_wconf 89' lang='lat' dir='ltr'><strong>magna</strong></span> <span class='ocrx_word' id='word_1_124' title='bbox 636 1267 868 1314; x_wconf 86' lang='lat' dir='ltr'><strong>libertate</strong></span> <span class='ocrx_word' id='word_1_125' title='bbox 907 1282 1024 1315; x_wconf 89' lang='lat' dir='ltr'><strong>usus</strong></span> <span class='ocrx_word' id='word_1_126' title='bbox 1065 1269 1151 1315; x_wconf 90' lang='lat' dir='ltr'><strong>est.</strong></span> <span class='ocrx_word' id='word_1_127' title='bbox 1213 1267 1435 1315; x_wconf 89' lang='lat' dir='ltr'><strong>Plurima</strong></span> <span class='ocrx_word' id='word_1_128' title='bbox 1471 1284 1495 1315; x_wconf 93' lang='lat' dir='ltr'><strong>e</strong></span> <span class='ocrx_word' id='word_1_129' title='bbox 1528 1268 1752 1316; x_wconf 87' lang='lat' dir='ltr'><strong>Platonis</strong></span> <span class='ocrx_word' id='word_1_130' title='bbox 1785 1284 1899 1330; x_wconf 90' lang='lat' dir='ltr'><strong>apo-</strong></span> 
     </span>
     <span class='ocr_line' id='line_1_16' title="bbox 210 1341 1900 1406; baseline 0.001 -17"><span class='ocrx_word' id='word_1_131' title='bbox 210 1341 360 1405; x_wconf 83' lang='lat' dir='ltr'><strong>logia,</strong></span> <span class='ocrx_word' id='word_1_132' title='bbox 392 1341 631 1389; x_wconf 89' lang='lat' dir='ltr'><strong>nonnulla</strong></span> <span class='ocrx_word' id='word_1_133' title='bbox 663 1357 721 1388; x_wconf 91' lang='lat' dir='ltr'><strong>ex</strong></span> <span class='ocrx_word' id='word_1_134' title='bbox 754 1341 865 1388; x_wconf 89' lang='lat' dir='ltr'><strong>aliis</strong></span> <span class='ocrx_word' id='word_1_135' title='bbox 897 1341 1043 1389; x_wconf 88' lang='lat' dir='ltr'><strong>huius</strong></span> <span class='ocrx_word' id='word_1_136' title='bbox 1073 1341 1358 1403; x_wconf 88' lang='lat' dir='ltr'><strong>philosophi</strong></span> <span class='ocrx_word' id='word_1_137' title='bbox 1389 1341 1599 1406; x_wconf 84' lang='lat' dir='ltr'><strong>dialogis</strong></span> <span class='ocrx_word' id='word_1_138' title='bbox 1632 1357 1755 1404; x_wconf 88' lang='lat' dir='ltr'><strong>quos</strong></span> <span class='ocrx_word' id='word_1_139' title='bbox 1777 1342 1900 1390; x_wconf 90' lang='lat' dir='ltr'><strong>bene</strong></span> 
     </span>
     <span class='ocr_line' id='line_1_17' title="bbox 209 1408 1900 1481; baseline 0.001 -18"><span class='ocrx_word' id='word_1_140' title='bbox 209 1409 484 1480; x_wconf 75' lang='lat' dir='ltr'><strong>noverat4),</strong></span> <span class='ocrx_word' id='word_1_141' title='bbox 508 1415 752 1477; x_wconf 88' lang='lat' dir='ltr'><strong>imprimis</strong></span> <span class='ocrx_word' id='word_1_142' title='bbox 778 1431 802 1462; x_wconf 92' lang='lat' dir='ltr'><strong>e</strong></span> <span class='ocrx_word' id='word_1_143' title='bbox 821 1414 1004 1478; x_wconf 84' lang='lat' dir='ltr'><strong>Gorgia</strong></span> <span class='ocrx_word' id='word_1_144' title='bbox 1017 1408 1074 1481; x_wconf 78' lang='grc'><strong>5),</strong></span> <span class='ocrx_word' id='word_1_145' title='bbox 1099 1415 1341 1462; x_wconf 90' lang='lat' dir='ltr'><strong>nonnulla</strong></span> <span class='ocrx_word' id='word_1_146' title='bbox 1366 1432 1390 1462; x_wconf 94' lang='lat' dir='ltr'><strong>e</strong></span> <span class='ocrx_word' id='word_1_147' title='bbox 1408 1416 1746 1477; x_wconf 89' lang='lat' dir='ltr'><strong>Xenophontis</strong></span> <span class='ocrx_word' id='word_1_148' title='bbox 1771 1432 1900 1464; x_wconf 89' lang='lat' dir='ltr'><strong>com-</strong></span> 
     </span>
     <span class='ocr_line' id='line_1_18' title="bbox 209 1489 1900 1552; baseline 0.001 -16"><span class='ocrx_word' id='word_1_149' title='bbox 209 1489 466 1537; x_wconf 89' lang='lat' dir='ltr'><strong>mentariis</strong></span> <span class='ocrx_word' id='word_1_150' title='bbox 498 1491 547 1537; x_wconf 89' lang='lat' dir='ltr'><strong>et</strong></span> <span class='ocrx_word' id='word_1_151' title='bbox 580 1504 705 1550; x_wconf 90' lang='lat' dir='ltr'><strong>quae</strong></span> <span class='ocrx_word' id='word_1_152' title='bbox 738 1490 841 1536; x_wconf 89' lang='lat' dir='ltr'><strong>eius</strong></span> <span class='ocrx_word' id='word_1_153' title='bbox 873 1490 1032 1536; x_wconf 87' lang='lat' dir='ltr'><strong>fertur</strong></span> <span class='ocrx_word' id='word_1_154' title='bbox 1063 1490 1317 1552; x_wconf 83' lang='lat' dir='ltr'><strong>apologia,</strong></span> <span class='ocrx_word' id='word_1_155' title='bbox 1352 1505 1514 1552; x_wconf 92' lang='lat' dir='ltr'><strong>pauca</strong></span> <span class='ocrx_word' id='word_1_156' title='bbox 1546 1506 1571 1535; x_wconf 91' lang='lat' dir='ltr'><strong>e</strong></span> <span class='ocrx_word' id='word_1_157' title='bbox 1605 1489 1819 1538; x_wconf 86' lang='lat' dir='ltr'><strong>Socratis</strong></span> <span class='ocrx_word' id='word_1_158' title='bbox 1852 1492 1900 1538; x_wconf 93' lang='lat' dir='ltr'><strong>et</strong></span> 
     </span>
     <span class='ocr_line' id='line_1_19' title="bbox 210 1557 1899 1630; baseline 0 -20"><span class='ocrx_word' id='word_1_159' title='bbox 210 1562 572 1612; x_wconf 80' lang='lat' dir='ltr'><strong>Socraticorum</strong></span> <span class='ocrx_word' id='word_1_160' title='bbox 597 1578 722 1624; x_wconf 88' lang='lat' dir='ltr'><strong>quae</strong></span> <span class='ocrx_word' id='word_1_161' title='bbox 754 1563 1041 1611; x_wconf 85' lang='lat' dir='ltr'><strong>ferebantur</strong></span> <span class='ocrx_word' id='word_1_162' title='bbox 1072 1563 1297 1625; x_wconf 88' lang='lat' dir='ltr'><strong>epistulis</strong></span> <span class='ocrx_word' id='word_1_163' title='bbox 1308 1557 1374 1630; x_wconf 79' lang='grc'><strong>6),</strong></span> <span class='ocrx_word' id='word_1_164' title='bbox 1413 1564 1574 1612; x_wconf 81' lang='lat' dir='ltr'><strong>multa</strong></span> <span class='ocrx_word' id='word_1_165' title='bbox 1605 1580 1663 1611; x_wconf 87' lang='lat' dir='ltr'><strong>ex</strong></span> <span class='ocrx_word' id='word_1_166' title='bbox 1695 1564 1808 1612; x_wconf 91' lang='lat' dir='ltr'><strong>aliis</strong></span> <span class='ocrx_word' id='word_1_167' title='bbox 1841 1564 1899 1610; x_wconf 88' lang='lat' dir='ltr'><strong>de</strong></span> 
     </span>
     <span class='ocr_line' id='line_1_20' title="bbox 211 1636 856 1699; baseline -0.002 -14"><span class='ocrx_word' id='word_1_168' title='bbox 211 1636 412 1685; x_wconf 84' lang='lat' dir='ltr'><strong>Socrate</strong></span> <span class='ocrx_word' id='word_1_169' title='bbox 445 1639 642 1699; x_wconf 89' lang='lat' dir='ltr'><strong>scriptis</strong></span> <span class='ocrx_word' id='word_1_170' title='bbox 674 1637 856 1685; x_wconf 89' lang='lat' dir='ltr'><strong>hausit.</strong></span> 
     </span>
    </p>

    <p class='ocr_par' dir='ltr' id='par_1_4' title="bbox 207 1711 1898 1921">
     <span class='ocr_line' id='line_1_21' title="bbox 312 1711 1897 1773; baseline 0.001 -15"><span class='ocrx_word' id='word_1_171' title='bbox 312 1711 382 1759; x_wconf 92' lang='lat' dir='ltr'><strong>At</strong></span> <span class='ocrx_word' id='word_1_172' title='bbox 413 1727 740 1773; x_wconf 88' lang='lat' dir='ltr'><strong>quamquam,</strong></span> <span class='ocrx_word' id='word_1_173' title='bbox 778 1713 836 1759; x_wconf 88' lang='lat' dir='ltr'><strong>ut</strong></span> <span class='ocrx_word' id='word_1_174' title='bbox 868 1711 991 1772; x_wconf 85' lang='lat' dir='ltr'><strong>dixi,</strong></span> <span class='ocrx_word' id='word_1_175' title='bbox 1018 1726 1266 1759; x_wconf 44' lang='lat' dir='ltr'><strong>‘summam</strong></span> <span class='ocrx_word' id='word_1_176' title='bbox 1306 1727 1475 1758; x_wconf 88' lang='lat' dir='ltr'><strong>curam</strong></span> <span class='ocrx_word' id='word_1_177' title='bbox 1505 1711 1619 1759; x_wconf 91' lang='lat' dir='ltr'><strong>huic</strong></span> <span class='ocrx_word' id='word_1_178' title='bbox 1652 1712 1897 1760; x_wconf 86' lang='lat' dir='ltr'><strong>declama-</strong></span> 
     </span>
     <span class='ocr_line' id='line_1_22' title="bbox 207 1784 1896 1847; baseline 0.001 -15"><span class='ocrx_word' id='word_1_179' title='bbox 207 1785 336 1833; x_wconf 90' lang='lat' dir='ltr'><strong>tioni</strong></span> <span class='ocrx_word' id='word_1_180' title='bbox 367 1784 650 1834; x_wconf 89' lang='lat' dir='ltr'><strong>scribendae</strong></span> <span class='ocrx_word' id='word_1_181' title='bbox 681 1785 946 1847; x_wconf 90' lang='lat' dir='ltr'><strong>impendit,</strong></span> <span class='ocrx_word' id='word_1_182' title='bbox 981 1787 1149 1833; x_wconf 89' lang='lat' dir='ltr'><strong>tamen</strong></span> <span class='ocrx_word' id='word_1_183' title='bbox 1181 1801 1260 1845; x_wconf 86' lang='lat' dir='ltr'><strong>ea,</strong></span> <span class='ocrx_word' id='word_1_184' title='bbox 1293 1787 1395 1834; x_wconf 84' lang='lat' dir='ltr'><strong>sive</strong></span> <span class='ocrx_word' id='word_1_185' title='bbox 1429 1786 1560 1847; x_wconf 91' lang='lat' dir='ltr'><strong>quod</strong></span> <span class='ocrx_word' id='word_1_186' title='bbox 1592 1785 1896 1833; x_wconf 86' lang='lat' dir='ltr'><strong>difficultati·-</strong></span> 
     </span>
     <span class='ocr_line' id='line_1_23' title="bbox 208 1858 1898 1921; baseline 0 -15"><span class='ocrx_word' id='word_1_187' title='bbox 208 1858 301 1907; x_wconf 90' lang='lat' dir='ltr'><strong>bus</strong></span> <span class='ocrx_word' id='word_1_188' title='bbox 341 1860 489 1907; x_wconf 93' lang='lat' dir='ltr'><strong>nimis</strong></span> <span class='ocrx_word' id='word_1_189' title='bbox 529 1859 676 1920; x_wconf 90' lang='lat' dir='ltr'><strong>plena</strong></span> <span class='ocrx_word' id='word_1_190' title='bbox 707 1860 815 1907; x_wconf 84' lang='lat' dir='ltr'><strong>visa</strong></span> <span class='ocrx_word' id='word_1_191' title='bbox 862 1861 936 1907; x_wconf 91' lang='lat' dir='ltr'><strong>est</strong></span> <span class='ocrx_word' id='word_1_192' title='bbox 976 1860 1078 1907; x_wconf 85' lang='lat' dir='ltr'><strong>sive</strong></span> <span class='ocrx_word' id='word_1_193' title='bbox 1119 1859 1251 1920; x_wconf 92' lang='lat' dir='ltr'><strong>quod</strong></span> <span class='ocrx_word' id='word_1_194' title='bbox 1293 1859 1508 1907; x_wconf 86' lang='lat' dir='ltr'><strong>Socratis</strong></span> <span class='ocrx_word' id='word_1_195' title='bbox 1548 1875 1759 1921; x_wconf 88' lang='lat' dir='ltr'><strong>persona</strong></span> <span class='ocrx_word' id='word_1_196' title='bbox 1796 1859 1898 1906; x_wconf 89' lang='lat' dir='ltr'><strong>iam</strong></span> 
     </span>
    </p>
   </div>
   <div class='ocr_carea' id='block_1_3' title="bbox 207 1945 538 1951">
    <p class='ocr_par' dir='ltr' id='par_1_5' title="bbox 207 1945 538 1951">
     <span class='ocr_line' id='line_1_24' title="bbox 207 1945 538 1951; baseline 0 0"><span class='ocrx_word' id='word_1_197' title='bbox 207 1945 538 1951; x_wconf 95' lang='lat' dir='ltr'><strong> </strong></span> 
     </span>
    </p>
   </div>
   <div class='ocr_carea' id='block_1_4' title="bbox 175 1969 1897 3027">
    <p class='ocr_par' dir='ltr' id='par_1_6' title="bbox 207 1969 1896 2146">
     <span class='ocr_line' id='line_1_25' title="bbox 330 1969 1896 2026; baseline 0.001 -14"><span class='ocrx_word' id='word_1_198' title='bbox 330 1971 372 2023; x_wconf 91' lang='lat' dir='ltr'><strong>l)</strong></span> <span class='ocrx_word' id='word_1_199' title='bbox 405 1969 554 2013; x_wconf 88' lang='lat' dir='ltr'><strong>Zeller</strong></span> <span class='ocrx_word' id='word_1_200' title='bbox 599 1969 720 2013; x_wconf 91' lang='lat' dir='ltr'><strong>Hist.</strong></span> <span class='ocrx_word' id='word_1_201' title='bbox 760 1970 875 2026; x_wconf 90' lang='lat' dir='ltr'><strong>phil.</strong></span> <span class='ocrx_word' id='word_1_202' title='bbox 919 1969 1078 2015; x_wconf 80' lang='lat' dir='ltr'><strong>Graec.</strong></span> <span class='ocrx_word' id='word_1_203' title='bbox 1102 1970 1145 2013; x_wconf 93' lang='grc' dir='ltr'>Π</span> <span class='ocrx_word' id='word_1_204' title='bbox 1186 1975 1226 2024; x_wconf 91' lang='grc'><strong>1,</strong></span> <span class='ocrx_word' id='word_1_205' title='bbox 1254 1970 1374 2014; x_wconf 80' lang='lat'><strong>1934.</strong></span> <span class='ocrx_word' id='word_1_206' title='bbox 1435 1969 1705 2014; x_wconf 91' lang='lat' dir='ltr'><strong>Duemmler</strong></span> <span class='ocrx_word' id='word_1_207' title='bbox 1741 1970 1896 2013; x_wconf 86' lang='lat' dir='ltr'><strong>Herm.</strong></span> 
     </span>
     <span class='ocr_line' id='line_1_26' title="bbox 207 2028 1894 2085; baseline 0 -13"><span class='ocrx_word' id='word_1_208' title='bbox 207 2028 380 2073; x_wconf 90' lang='lat' dir='ltr'>XXVII</span> <span class='ocrx_word' id='word_1_209' title='bbox 394 2034 479 2072; x_wconf 81' lang='lat'><strong>276</strong></span> <span class='ocrx_word' id='word_1_210' title='bbox 505 2031 598 2073; x_wconf 92' lang='lat' dir='ltr'><strong>not.</strong></span> <span class='ocrx_word' id='word_1_211' title='bbox 623 2034 661 2072; x_wconf 82' lang='lat'><strong>2.</strong></span> <span class='ocrx_word' id='word_1_212' title='bbox 679 2029 838 2073; x_wconf 84' lang='lat' dir='ltr'><strong>Hirzel</strong></span> <span class='ocrx_word' id='word_1_213' title='bbox 854 2029 971 2073; x_wconf 91' lang='lat' dir='ltr'><strong>Mus.</strong></span> <span class='ocrx_word' id='word_1_214' title='bbox 990 2029 1136 2073; x_wconf 87' lang='lat' dir='ltr'><strong>Rhen.</strong></span> <span class='ocrx_word' id='word_1_215' title='bbox 1166 2029 1291 2072; x_wconf 92' lang='lat' dir='ltr'>XLII</span> <span class='ocrx_word' id='word_1_216' title='bbox 1315 2033 1400 2073; x_wconf 83' lang='lat'><strong>245</strong></span> <span class='ocrx_word' id='word_1_217' title='bbox 1419 2044 1485 2085; x_wconf 89' lang='lat' dir='ltr'><strong>sq.</strong></span> <span class='ocrx_word' id='word_1_218' title='bbox 1513 2028 1689 2074; x_wconf 86' lang='lat' dir='ltr'><strong>Gercke</strong></span> <span class='ocrx_word' id='word_1_219' title='bbox 1713 2029 1894 2073; x_wconf 87' lang='lat' dir='ltr'><strong>Platon.</strong></span> 
     </span>
     <span class='ocr_line' id='line_1_27' title="bbox 208 2087 706 2146; baseline -0.002 -14"><span class='ocrx_word' id='word_1_220' title='bbox 208 2088 404 2146; x_wconf 86' lang='lat' dir='ltr'><strong>Gorgias</strong></span> <span class='ocrx_word' id='word_1_221' title='bbox 435 2103 481 2144; x_wconf 95' lang='lat' dir='ltr'><strong>p.</strong></span> <span class='ocrx_word' id='word_1_222' title='bbox 506 2087 706 2132; x_wconf 90' lang='lat' dir='ltr'>XLVIII.</span> 
     </span>
    </p>

    <p class='ocr_par' dir='ltr' id='par_1_7' title="bbox 328 2146 1480 2204">
     <span class='ocr_line' id='line_1_28' title="bbox 328 2146 1480 2204; baseline 0.001 -14"><span class='ocrx_word' id='word_1_223' title='bbox 328 2149 370 2203; x_wconf 85' lang='lat'><strong>2)</strong></span> <span class='ocrx_word' id='word_1_224' title='bbox 404 2147 555 2191; x_wconf 81' lang='lat' dir='ltr'><strong>Schol.</strong></span> <span class='ocrx_word' id='word_1_225' title='bbox 589 2148 649 2191; x_wconf 88' lang='lat' dir='ltr'><strong>ad</strong></span> <span class='ocrx_word' id='word_1_226' title='bbox 680 2146 800 2190; x_wconf 88' lang='lat' dir='ltr'><strong>Plat.</strong></span> <span class='ocrx_word' id='word_1_227' title='bbox 835 2146 957 2204; x_wconf 88' lang='lat' dir='ltr'><strong>apol.</strong></span> <span class='ocrx_word' id='word_1_228' title='bbox 989 2162 1034 2203; x_wconf 89' lang='lat' dir='ltr'><strong>p.</strong></span> <span class='ocrx_word' id='word_1_229' title='bbox 1062 2151 1147 2191; x_wconf 87' lang='lat'><strong>330</strong></span> <span class='ocrx_word' id='word_1_230' title='bbox 1179 2147 1250 2190; x_wconf 84' lang='lat' dir='ltr'><strong>ed.</strong></span> <span class='ocrx_word' id='word_1_231' title='bbox 1283 2147 1480 2191; x_wconf 85' lang='lat' dir='ltr'><strong>Bekker.</strong></span> 
     </span>
    </p>

    <p class='ocr_par' dir='ltr' id='par_1_8' title="bbox 327 2206 1897 2263">
     <span class='ocr_line' id='line_1_29' title="bbox 327 2206 1897 2263; baseline -0.001 -13"><span class='ocrx_word' id='word_1_232' title='bbox 327 2209 372 2263; x_wconf 87' lang='lat'><strong>3)</strong></span> <span class='ocrx_word' id='word_1_233' title='bbox 411 2206 563 2250; x_wconf 87' lang='lat' dir='ltr'><strong>Schol.</strong></span> <span class='ocrx_word' id='word_1_234' title='bbox 597 2207 657 2249; x_wconf 89' lang='lat' dir='ltr'><strong>ad</strong></span> <span class='ocrx_word' id='word_1_235' title='bbox 688 2206 882 2250; x_wconf 87' lang='lat' dir='ltr'><strong>Aristid.</strong></span> <span class='ocrx_word' id='word_1_236' title='bbox 914 2208 948 2250; x_wconf 92' lang='lat' dir='ltr'><strong>t.</strong></span> <span class='ocrx_word' id='word_1_237' title='bbox 972 2206 1036 2249; x_wconf 91' lang='lat' dir='ltr'><strong>III</strong></span> <span class='ocrx_word' id='word_1_238' title='bbox 1068 2221 1112 2263; x_wconf 92' lang='lat' dir='ltr'><strong>p.</strong></span> <span class='ocrx_word' id='word_1_239' title='bbox 1140 2211 1240 2260; x_wconf 80' lang='lat'><strong>320,</strong></span> <span class='ocrx_word' id='word_1_240' title='bbox 1259 2211 1281 2249; x_wconf 94' lang='lat'>1</span> <span class='ocrx_word' id='word_1_241' title='bbox 1302 2221 1368 2261; x_wconf 90' lang='lat' dir='ltr'><strong>sq.</strong></span> <span class='ocrx_word' id='word_1_242' title='bbox 1402 2208 1450 2250; x_wconf 84' lang='lat' dir='ltr'><strong>et</strong></span> <span class='ocrx_word' id='word_1_243' title='bbox 1481 2210 1536 2250; x_wconf 83' lang='lat'><strong>23</strong></span> <span class='ocrx_word' id='word_1_244' title='bbox 1554 2220 1621 2261; x_wconf 87' lang='lat' dir='ltr'><strong>sq.</strong></span> <span class='ocrx_word' id='word_1_245' title='bbox 1654 2206 1725 2250; x_wconf 89' lang='lat' dir='ltr'><strong>ed.</strong></span> <span class='ocrx_word' id='word_1_246' title='bbox 1758 2206 1897 2249; x_wconf 91' lang='lat' dir='ltr'><strong>Dind.</strong></span> 
     </span>
    </p>

    <p class='ocr_par' dir='ltr' id='par_1_9' title="bbox 324 2265 1894 2322">
     <span class='ocr_line' id='line_1_30' title="bbox 324 2265 1894 2322; baseline 0 -14"><span class='ocrx_word' id='word_1_247' title='bbox 324 2268 371 2322; x_wconf 86' lang='lat'><strong>4)</strong></span> <span class='ocrx_word' id='word_1_248' title='bbox 398 2265 464 2310; x_wconf 84' lang='lat' dir='ltr'><strong>cf.</strong></span> <span class='ocrx_word' id='word_1_249' title='bbox 483 2266 644 2309; x_wconf 85' lang='lat' dir='ltr'><strong>Franc.</strong></span> <span class='ocrx_word' id='word_1_250' title='bbox 664 2265 961 2309; x_wconf 86' lang='lat' dir='ltr'><strong>Zambeccari</strong></span> <span class='ocrx_word' id='word_1_251' title='bbox 983 2266 1081 2309; x_wconf 90' lang='lat' dir='ltr'><strong>und</strong></span> <span class='ocrx_word' id='word_1_252' title='bbox 1105 2266 1181 2309; x_wconf 86' lang='lat' dir='ltr'><strong>die</strong></span> <span class='ocrx_word' id='word_1_253' title='bbox 1205 2265 1359 2309; x_wconf 86' lang='lat' dir='ltr'><strong>Briefe</strong></span> <span class='ocrx_word' id='word_1_254' title='bbox 1385 2266 1466 2308; x_wconf 88' lang='lat' dir='ltr'><strong>des</strong></span> <span class='ocrx_word' id='word_1_255' title='bbox 1483 2265 1704 2308; x_wconf 88' lang='lat' dir='ltr'><strong>Libanios</strong></span> <span class='ocrx_word' id='word_1_256' title='bbox 1728 2280 1772 2321; x_wconf 90' lang='lat' dir='ltr'><strong>p.</strong></span> <span class='ocrx_word' id='word_1_257' title='bbox 1794 2269 1894 2308; x_wconf 81' lang='lat'><strong>213.</strong></span> 
     </span>
    </p>

    <p class='ocr_par' dir='ltr' id='par_1_10' title="bbox 204 2323 1895 2605">
     <span class='ocr_line' id='line_1_31' title="bbox 328 2323 1893 2382; baseline -0.001 -14"><span class='ocrx_word' id='word_1_258' title='bbox 328 2326 370 2382; x_wconf 86' lang='lat'><strong>5)</strong></span> <span class='ocrx_word' id='word_1_259' title='bbox 403 2324 503 2368; x_wconf 91' lang='lat' dir='ltr'><strong>Hoc</strong></span> <span class='ocrx_word' id='word_1_260' title='bbox 533 2324 658 2382; x_wconf 88' lang='lat' dir='ltr'><strong>fugit</strong></span> <span class='ocrx_word' id='word_1_261' title='bbox 689 2324 1089 2368; x_wconf 88' lang='lat' dir='ltr'><strong>Wilamovitzium</strong></span> <span class='ocrx_word' id='word_1_262' title='bbox 1115 2324 1229 2381; x_wconf 77' lang='lat' dir='ltr'><strong>(Bel.</strong></span> <span class='ocrx_word' id='word_1_263' title='bbox 1256 2324 1385 2368; x_wconf 88' lang='lat' dir='ltr'><strong>acad.</strong></span> <span class='ocrx_word' id='word_1_264' title='bbox 1412 2323 1561 2368; x_wconf 87' lang='lat' dir='ltr'><strong>Berol.</strong></span> <span class='ocrx_word' id='word_1_265' title='bbox 1589 2328 1701 2367; x_wconf 86' lang='lat'>1899</span> <span class='ocrx_word' id='word_1_266' title='bbox 1726 2339 1771 2380; x_wconf 95' lang='lat' dir='ltr'><strong>p.</strong></span> <span class='ocrx_word' id='word_1_267' title='bbox 1792 2326 1893 2380; x_wconf 82' lang='lat'>781)</span> 
     </span>
     <span class='ocr_line' id='line_1_32' title="bbox 204 2382 1895 2441; baseline -0.001 -14"><span class='ocrx_word' id='word_1_268' title='bbox 204 2385 291 2441; x_wconf 84' lang='lat' dir='ltr'><strong>qui</strong></span> <span class='ocrx_word' id='word_1_269' title='bbox 322 2383 597 2428; x_wconf 85' lang='lat' dir='ltr'><strong>concludere</strong></span> <span class='ocrx_word' id='word_1_270' title='bbox 627 2396 764 2439; x_wconf 86' lang='lat' dir='ltr'><strong>posse</strong></span> <span class='ocrx_word' id='word_1_271' title='bbox 797 2383 888 2427; x_wconf 90' lang='lat' dir='ltr'><strong>sibi</strong></span> <span class='ocrx_word' id='word_1_272' title='bbox 918 2383 1042 2426; x_wconf 86' lang='lat' dir='ltr'><strong>visus</strong></span> <span class='ocrx_word' id='word_1_273' title='bbox 1076 2386 1146 2427; x_wconf 85' lang='lat' dir='ltr'><strong>est</strong></span> <span class='ocrx_word' id='word_1_274' title='bbox 1176 2383 1469 2439; x_wconf 84' lang='lat' dir='ltr'><strong>Polycratem</strong></span> <span class='ocrx_word' id='word_1_275' title='bbox 1501 2384 1662 2427; x_wconf 88' lang='lat' dir='ltr'><strong>contra</strong></span> <span class='ocrx_word' id='word_1_276' title='bbox 1693 2382 1895 2439; x_wconf 85' lang='lat' dir='ltr'><strong>explica-</strong></span> 
     </span>
     <span class='ocr_line' id='line_1_33' title="bbox 204 2441 1894 2498; baseline -0.002 -11"><span class='ocrx_word' id='word_1_277' title='bbox 204 2444 384 2487; x_wconf 84' lang='lat' dir='ltr'><strong>tionem</strong></span> <span class='ocrx_word' id='word_1_278' title='bbox 415 2457 572 2485; x_wconf 86' lang='lat' dir='ltr'><strong>versus</strong></span> <span class='ocrx_word' id='word_1_279' title='bbox 603 2442 841 2486; x_wconf 87' lang='lat' dir='ltr'><strong>Pindarici</strong></span> <span class='ocrx_word' id='word_1_280' title='bbox 873 2455 900 2485; x_wconf 89' lang='lat' dir='ltr'><strong>a</strong></span> <span class='ocrx_word' id='word_1_281' title='bbox 932 2442 1128 2486; x_wconf 87' lang='lat' dir='ltr'><strong>Platone</strong></span> <span class='ocrx_word' id='word_1_282' title='bbox 1159 2442 1209 2485; x_wconf 89' lang='lat' dir='ltr'><strong>in</strong></span> <span class='ocrx_word' id='word_1_283' title='bbox 1234 2442 1405 2498; x_wconf 81' lang='lat' dir='ltr'><strong>Gorgia</strong></span> <span class='ocrx_word' id='word_1_284' title='bbox 1428 2457 1473 2498; x_wconf 93' lang='lat' dir='ltr'><strong>p.</strong></span> <span class='ocrx_word' id='word_1_285' title='bbox 1499 2441 1639 2485; x_wconf 88' lang='grc' dir='ltr'>484Β</span> <span class='ocrx_word' id='word_1_286' title='bbox 1663 2441 1894 2498; x_wconf 86' lang='lat' dir='ltr'><strong>prolatam</strong></span> 
     </span>
     <span class='ocr_line' id='line_1_34' title="bbox 208 2499 1892 2605; baseline -0.002 -59"><span class='ocrx_word' id='word_1_287' title='bbox 208 2515 455 2605; x_wconf 51' lang='lat' dir='ltr'><strong>piliggiaGsse,</strong></span> <span class='ocrx_word' id='word_1_288' title='bbox 481 2515 574 2557; x_wconf 90' lang='lat' dir='ltr'><strong>qua</strong></span> <span class='ocrx_word' id='word_1_289' title='bbox 595 2501 673 2602; x_wconf 49' lang='lat' dir='ltr'><strong>{z</strong></span> <span class='ocrx_word' id='word_1_290' title='bbox 671 2514 739 2603; x_wconf 55' lang='lat' dir='ltr'><strong>{ev</strong></span> <span class='ocrx_word' id='word_1_291' title='bbox 737 2501 909 2552; x_wconf 85' lang='lat' dir='ltr'><strong>rectius</strong></span> <span class='ocrx_word' id='word_1_292' title='bbox 934 2501 983 2568; x_wconf 82' lang='lat' dir='ltr'><strong>in</strong></span> <span class='ocrx_word' id='word_1_293' title='bbox 1001 2501 1284 2603; x_wconf 54' lang='grc' dir='ltr'><strong>(ἰᾳηῂῑαὲἱαω</strong></span> <span class='ocrx_word' id='word_1_294' title='bbox 1307 2503 1491 2602; x_wconf 53' lang='grc' dir='ltr'><strong>Ρατῐὲξη</strong></span> <span class='ocrx_word' id='word_1_295' title='bbox 1503 2500 1652 2602; x_wconf 57' lang='grc'><strong>3911911)</strong></span> <span class='ocrx_word' id='word_1_296' title='bbox 1668 2499 1892 2602; x_wconf 75' lang='lat' dir='ltr'><strong>GerckSius</strong></span> 
     </span>
    </p>

    <p class='ocr_par' dir='ltr' id='par_1_11' title="bbox 175 2573 1893 3027">
     <span class='ocr_line' id='line_1_35' title="bbox 267 2573 1893 2614; baseline -0.002 -8"><span class='ocrx_word' id='word_1_297' title='bbox 267 2575 328 2606; x_wconf 88' lang='lat' dir='ltr'><strong>a.</strong></span> <span class='ocrx_word' id='word_1_298' title='bbox 398 2575 492 2604; x_wconf 90' lang='lat' dir='ltr'><strong>or.</strong></span> <span class='ocrx_word' id='word_1_299' title='bbox 562 2596 570 2603; x_wconf 90' lang='lat'><strong>.</strong></span> <span class='ocrx_word' id='word_1_300' title='bbox 756 2574 776 2602; x_wconf 90' lang='lat' dir='ltr'><strong>s</strong></span> <span class='ocrx_word' id='word_1_301' title='bbox 813 2595 838 2614; x_wconf 90' lang='lat'><strong>.,</strong></span> <span class='ocrx_word' id='word_1_302' title='bbox 903 2574 952 2602; x_wconf 86' lang='lat' dir='ltr'><strong>ui</strong></span> <span class='ocrx_word' id='word_1_303' title='bbox 984 2573 1126 2604; x_wconf 83' lang='lat' dir='ltr'><strong>eiam</strong></span> <span class='ocrx_word' id='word_1_304' title='bbox 1193 2573 1216 2603; x_wconf 90' lang='lat' dir='ltr'><strong>e</strong></span> <span class='ocrx_word' id='word_1_305' title='bbox 1248 2573 1382 2603; x_wconf 86' lang='lat' dir='ltr'><strong>versu</strong></span> <span class='ocrx_word' id='word_1_306' title='bbox 1450 2574 1499 2603; x_wconf 88' lang='lat' dir='ltr'><strong>m</strong></span> <span class='ocrx_word' id='word_1_307' title='bbox 1536 2573 1605 2602; x_wconf 84' lang='lat' dir='ltr'><strong>ari</strong></span> <span class='ocrx_word' id='word_1_308' title='bbox 1634 2573 1727 2603; x_wconf 91' lang='lat' dir='ltr'><strong>non</strong></span> <span class='ocrx_word' id='word_1_309' title='bbox 1759 2573 1787 2602; x_wconf 89' lang='lat' dir='ltr'><strong>a</strong></span> <span class='ocrx_word' id='word_1_310' title='bbox 1845 2573 1893 2603; x_wconf 91' lang='lat'><strong>0-</strong></span> 
     </span>
     <span class='ocr_line' id='line_1_36' title="bbox 207 2575 1892 2675; baseline -0.002 -10"><span class='ocrx_word' id='word_1_311' title='bbox 207 2623 337 2666; x_wconf 87' lang='lat' dir='ltr'><strong>crate</strong></span> <span class='ocrx_word' id='word_1_312' title='bbox 376 2576 481 2662; x_wconf 53' lang='lat' dir='ltr'><strong>illig</strong></span> <span class='ocrx_word' id='word_1_313' title='bbox 520 2575 641 2662; x_wconf 50' lang='lat' dir='ltr'><strong>giale</strong></span> <span class='ocrx_word' id='word_1_314' title='bbox 681 2575 935 2674; x_wconf 47' lang='lat' dir='ltr'><strong>explicatl),</strong></span> <span class='ocrx_word' id='word_1_315' title='bbox 984 2619 1065 2662; x_wconf 89' lang='lat' dir='ltr'><strong>sed</strong></span> <span class='ocrx_word' id='word_1_316' title='bbox 1105 2632 1132 2662; x_wconf 89' lang='lat' dir='ltr'><strong>a</strong></span> <span class='ocrx_word' id='word_1_317' title='bbox 1169 2618 1415 2675; x_wconf 85' lang='lat' dir='ltr'><strong>Polycrate</strong></span> <span class='ocrx_word' id='word_1_318' title='bbox 1454 2617 1667 2662; x_wconf 88' lang='lat' dir='ltr'><strong>nonnihil</strong></span> <span class='ocrx_word' id='word_1_319' title='bbox 1711 2619 1892 2662; x_wconf 87' lang='lat' dir='ltr'><strong>mutato</strong></span> 
     </span>
     <span class='ocr_line' id='line_1_37' title="bbox 208 2675 1892 2738; baseline -0.002 -14"><span class='ocrx_word' id='word_1_320' title='bbox 208 2680 289 2738; x_wconf 87' lang='lat' dir='ltr'><strong>agi</strong></span> <span class='ocrx_word' id='word_1_321' title='bbox 327 2676 558 2736; x_wconf 77' lang='grc' dir='ltr'><strong>(ἐτόλμησε</strong></span> <span class='ocrx_word' id='word_1_322' title='bbox 604 2675 900 2734; x_wconf 76' lang='grc' dir='ltr'><em>μεταγράψαι</em></span> <span class='ocrx_word' id='word_1_323' title='bbox 934 2693 978 2733; x_wconf 93' lang='lat' dir='ltr'><strong>p.</strong></span> <span class='ocrx_word' id='word_1_324' title='bbox 1013 2682 1082 2731; x_wconf 83' lang='lat'><strong>62,</strong></span> <span class='ocrx_word' id='word_1_325' title='bbox 1110 2678 1183 2735; x_wconf 83' lang='lat'><strong>14)</strong></span> <span class='ocrx_word' id='word_1_326' title='bbox 1221 2677 1476 2734; x_wconf 84' lang='lat' dir='ltr'><strong>perspexit,</strong></span> <span class='ocrx_word' id='word_1_327' title='bbox 1521 2677 1609 2720; x_wconf 85' lang='lat' dir='ltr'><strong>etsi</strong></span> <span class='ocrx_word' id='word_1_328' title='bbox 1647 2689 1892 2733; x_wconf 88' lang='lat' dir='ltr'><strong>perperam</strong></span> 
     </span>
     <span class='ocr_line' id='line_1_38' title="bbox 209 2735 1891 2794; baseline -0.002 -11"><span class='ocrx_word' id='word_1_329' title='bbox 209 2740 268 2783; x_wconf 89' lang='lat' dir='ltr'><strong>de</strong></span> <span class='ocrx_word' id='word_1_330' title='bbox 290 2736 567 2794; x_wconf 83' lang='lat' dir='ltr'><strong>paraphrasi</strong></span> <span class='ocrx_word' id='word_1_331' title='bbox 590 2736 804 2792; x_wconf 88' lang='lat' dir='ltr'><strong>prosaica</strong></span> <span class='ocrx_word' id='word_1_332' title='bbox 829 2736 1055 2792; x_wconf 88' lang='lat' dir='ltr'><strong>cogitavit</strong></span> <span class='ocrx_word' id='word_1_333' title='bbox 1079 2738 1139 2792; x_wconf 92' lang='lat' dir='ltr'><strong>(p.</strong></span> <span class='ocrx_word' id='word_1_334' title='bbox 1167 2735 1383 2792; x_wconf 91' lang='lat' dir='ltr'><strong>XLVHI).</strong></span> <span class='ocrx_word' id='word_1_335' title='bbox 1432 2735 1501 2778; x_wconf 91' lang='lat' dir='ltr'><strong>De</strong></span> <span class='ocrx_word' id='word_1_336' title='bbox 1524 2735 1596 2778; x_wconf 88' lang='lat' dir='ltr'><strong>his</strong></span> <span class='ocrx_word' id='word_1_337' title='bbox 1619 2735 1891 2791; x_wconf 86' lang='lat' dir='ltr'><strong>propediem</strong></span> 
     </span>
     <span class='ocr_line' id='line_1_39' title="bbox 208 2793 1807 2854; baseline -0.002 -13"><span class='ocrx_word' id='word_1_338' title='bbox 208 2797 436 2854; x_wconf 86' lang='lat' dir='ltr'><strong>peculiari</strong></span> <span class='ocrx_word' id='word_1_339' title='bbox 468 2794 795 2839; x_wconf 85' lang='lat' dir='ltr'><strong>dissertatione</strong></span> <span class='ocrx_word' id='word_1_340' title='bbox 826 2794 1181 2838; x_wconf 87' lang='lat' dir='ltr'><strong>Vratislaviensi</strong></span> <span class='ocrx_word' id='word_1_341' title='bbox 1212 2794 1337 2838; x_wconf 88' lang='lat' dir='ltr'><strong>Hier.</strong></span> <span class='ocrx_word' id='word_1_342' title='bbox 1370 2793 1654 2838; x_wconf 85' lang='lat' dir='ltr'><strong>Markowski</strong></span> <span class='ocrx_word' id='word_1_343' title='bbox 1686 2797 1807 2851; x_wconf 89' lang='lat' dir='ltr'><strong>aget.</strong></span> 
     </span>
     <span class='ocr_line' id='line_1_40' title="bbox 175 2852 1890 2912; baseline -0.002 -12"><span class='ocrx_word' id='word_1_344' title='bbox 175 2858 178 2861; x_wconf 74' lang='grc'><strong><em>’</em></strong></span> <span class='ocrx_word' id='word_1_345' title='bbox 330 2858 373 2912; x_wconf 88' lang='grc'><strong>6)</strong></span> <span class='ocrx_word' id='word_1_346' title='bbox 407 2853 507 2907; x_wconf 82' lang='lat' dir='ltr'><strong>Qua</strong></span> <span class='ocrx_word' id='word_1_347' title='bbox 540 2854 597 2897; x_wconf 93' lang='lat' dir='ltr'><strong>de</strong></span> <span class='ocrx_word' id='word_1_348' title='bbox 627 2867 676 2897; x_wconf 88' lang='lat' dir='ltr'><strong>re</strong></span> <span class='ocrx_word' id='word_1_349' title='bbox 709 2853 911 2896; x_wconf 87' lang='lat' dir='ltr'><strong>Allatius</strong></span> <span class='ocrx_word' id='word_1_350' title='bbox 946 2853 996 2896; x_wconf 89' lang='lat' dir='ltr'><strong>in</strong></span> <span class='ocrx_word' id='word_1_351' title='bbox 1027 2853 1214 2909; x_wconf 88' lang='lat' dir='ltr'><strong>dialogo</strong></span> <span class='ocrx_word' id='word_1_352' title='bbox 1254 2854 1312 2897; x_wconf 92' lang='lat' dir='ltr'><strong>de</strong></span> <span class='ocrx_word' id='word_1_353' title='bbox 1344 2853 1528 2909; x_wconf 88' lang='lat' dir='ltr'><strong>scriptis</strong></span> <span class='ocrx_word' id='word_1_354' title='bbox 1560 2852 1762 2896; x_wconf 87' lang='lat' dir='ltr'><strong>Socratis</strong></span> <span class='ocrx_word' id='word_1_355' title='bbox 1793 2853 1890 2908; x_wconf 90' lang='lat' dir='ltr'><strong>(So-</strong></span> 
     </span>
     <span class='ocr_line' id='line_1_41' title="bbox 211 2911 1888 2969; baseline -0.002 -10"><span class='ocrx_word' id='word_1_356' title='bbox 211 2915 352 2959; x_wconf 88' lang='lat' dir='ltr'><strong>cratis</strong></span> <span class='ocrx_word' id='word_1_357' title='bbox 377 2915 425 2958; x_wconf 87' lang='lat' dir='ltr'><strong>et</strong></span> <span class='ocrx_word' id='word_1_358' title='bbox 449 2913 789 2957; x_wconf 83' lang='lat' dir='ltr'><strong>Socraticorum</strong></span> <span class='ocrx_word' id='word_1_359' title='bbox 812 2925 932 2967; x_wconf 89' lang='lat' dir='ltr'><strong>quae</strong></span> <span class='ocrx_word' id='word_1_360' title='bbox 955 2912 1168 2956; x_wconf 83' lang='lat' dir='ltr'><strong>feruntur</strong></span> <span class='ocrx_word' id='word_1_361' title='bbox 1184 2912 1415 2969; x_wconf 85' lang='lat' dir='ltr'><strong>epistolae</strong></span> <span class='ocrx_word' id='word_1_362' title='bbox 1439 2926 1527 2955; x_wconf 85' lang='lat' dir='ltr'><strong>rec.</strong></span> <span class='ocrx_word' id='word_1_363' title='bbox 1556 2911 1699 2955; x_wconf 87' lang='lat' dir='ltr'><strong>Orelli</strong></span> <span class='ocrx_word' id='word_1_364' title='bbox 1722 2927 1766 2968; x_wconf 94' lang='lat' dir='ltr'><strong>p.</strong></span> <span class='ocrx_word' id='word_1_365' title='bbox 1787 2915 1888 2968; x_wconf 82' lang='lat'><strong>355)</strong></span> 
     </span>
     <span class='ocr_line' id='line_1_42' title="bbox 209 2970 1636 3027; baseline -0.004 -9"><span class='ocrx_word' id='word_1_366' title='bbox 209 2974 382 3018; x_wconf 89' lang='lat' dir='ltr'><strong>rectius</strong></span> <span class='ocrx_word' id='word_1_367' title='bbox 412 2971 638 3016; x_wconf 85' lang='lat' dir='ltr'><strong>iudicavit</strong></span> <span class='ocrx_word' id='word_1_368' title='bbox 669 2985 808 3026; x_wconf 91' lang='lat' dir='ltr'><strong>quam</strong></span> <span class='ocrx_word' id='word_1_369' title='bbox 839 2971 1077 3015; x_wconf 90' lang='lat' dir='ltr'><strong>Bentleius</strong></span> <span class='ocrx_word' id='word_1_370' title='bbox 1110 2971 1219 3015; x_wconf 87' lang='lat' dir='ltr'><strong>diss.</strong></span> <span class='ocrx_word' id='word_1_371' title='bbox 1253 2971 1311 3014; x_wconf 93' lang='lat' dir='ltr'><strong>de</strong></span> <span class='ocrx_word' id='word_1_372' title='bbox 1343 2986 1412 3027; x_wconf 89' lang='lat' dir='ltr'><strong>ep.</strong></span> <span class='ocrx_word' id='word_1_373' title='bbox 1448 2970 1569 3014; x_wconf 89' lang='lat' dir='ltr'><strong>Socr.</strong></span> <span class='ocrx_word' id='word_1_374' title='bbox 1597 2975 1636 3014; x_wconf 83' lang='lat'><strong>2.</strong></span> 
     </span>
    </p>
   </div>
  </div>
 </body>
</html>
