2010 3180
644 796 1215 859 PRAEFATIO.

189 946 462 1008 Postquam
498 948 671 1009 primis
705 950 945 1008 quattuor
982 948 1321 996 voluminibus
1361 949 1609 997 orationes
1646 965 1774 997 com-

78 1029 348 1092 prehensae
390 1027 702 1091 prodierunt,
749 1028 973 1091 sequitur
1017 1030 1175 1077 altera
1215 1032 1369 1078 tetras
1411 1046 1537 1092 quae
1579 1028 1775 1094 μελέτας

79 1110 310 1159 continet.
377 1110 597 1167 Quarum
642 1126 818 1173 agmen
859 1110 1048 1158 ducunt
1086 1111 1484 1160 declamationes.
1550 1112 1686 1169 Quae
1719 1115 1776 1160 ut

76 1192 237 1239 multo
269 1191 428 1255 magis
459 1208 549 1253 per
579 1192 798 1239 medium
831 1208 1008 1241 aevum
1039 1193 1296 1241 lectitatae
1330 1196 1447 1241 sunt
1484 1209 1634 1255 quam
1667 1210 1774 1242 ora-

78 1275 236 1322 tiones
269 1273 592 1335 pluribusque
632 1273 881 1322 codicibus
922 1275 985 1321 ad
1024 1277 1248 1323 nostram
1288 1278 1501 1323 aetatem
1541 1292 1773 1338 pervene-

76 1357 216 1416 runt,
248 1356 322 1402 ita
354 1358 402 1402 et
434 1355 750 1403 librariorum
785 1357 1051 1404 oscitantia
1084 1360 1133 1404 et
1165 1357 1405 1405 lectorum
1436 1357 1641 1404 licentia
1671 1373 1773 1404 ma-

75 1438 233 1484 iorem
262 1437 423 1485 labem
457 1438 821 1485 contraxerunt.

191 1517 394 1567 Codices
425 1520 716 1582 integritate
754 1521 952 1566 tantum
993 1518 1261 1566 eminentes
1296 1522 1539 1580 quantum
1576 1520 1629 1566 in
1666 1535 1774 1568 ora-

78 1599 295 1647 tionibus
342 1600 664 1663 Augustanus
719 1601 769 1647 et
817 1599 1076 1647 Ohisianus
1132 1600 1323 1648 desunt.
1400 1600 1562 1648 Maior
1615 1602 1774 1664 igitur

78 1682 409 1730 emendationi
456 1682 593 1729 locus
636 1682 795 1729 datur.
870 1680 1071 1729 Codices
1114 1698 1230 1730 vero
1277 1698 1398 1743 quos
1443 1683 1677 1731 Morellus
1722 1685 1775 1731 et

75 1763 307 1811 Reiskius
341 1763 672 1811 adhibuerunt
711 1778 806 1810 non
850 1763 1008 1810 solum
1047 1763 1232 1811 novicii
1272 1764 1357 1811 sed
1399 1766 1551 1812 etiam
1591 1765 1772 1825 peioris

75 1847 223 1893 notae
257 1848 408 1893 erant.
472 1845 630 1892 Multo
670 1845 826 1908 igitur
864 1845 1088 1906 pluribus
1129 1846 1250 1893 locis
1293 1862 1441 1907 quam
1487 1847 1539 1892 in
1589 1848 1771 1893 oratio-

74 1927 220 1974 nibus
251 1929 414 1974 textus
446 1927 620 1973 harum
654 1926 926 1973 editionum
958 1927 1312 1988 relinquendus
1350 1930 1400 1975 et
1438 1927 1772 1975 emendandus

75 2011 195 2056 erat.

187 2090 352 2137 Etiam
388 2105 650 2153 compages
685 2085 942 2151 ‘corporis'
975 2090 1096 2138 satis
1136 2093 1336 2138 vetusta
1377 2093 1539 2138 aetate
1580 2091 1772 2139 solutae

75 2174 204 2231 sunt,
222 2175 278 2219 ut
301 2166 602 2234 paucissima
625 2173 822 2219 tantum
848 2172 951 2219 eius
975 2173 1190 2234 vestigia
1215 2171 1545 2233 dispiciantur
1568 2173 1620 2219 in
1646 2172 1772 2219 eclo-

77 2252 151 2317 gis
170 2269 295 2315 quae
318 2253 456 2301 illius
481 2254 639 2301 locum
668 2255 1034 2314 occupaverunt
1055 2253 1388 2302 diversissimo
1415 2253 1584 2301 ordine
1612 2253 1772 2300 decla-

74 2336 318 2382 mationes
343 2334 648 2396 praebentes.
691 2334 925 2382 Morellus
950 2350 1065 2382 vero
1090 2337 1284 2382 tantum
1314 2334 1442 2381 afuit
1466 2338 1522 2382 ut
1546 2334 1772 2397 vestigiis

75 2415 255 2464 codicis
288 2415 504 2464 Parisini
535 2433 606 2479 gr.
635 2417 777 2464 3014
819 2432 962 2477 quem
995 2416 1308 2478 potissimum
1350 2418 1545 2463 secutus
1589 2418 1663 2463 est
1693 2417 1770 2463 in-

74 2499 293 2557 sisteret,
338 2498 396 2544 ut
443 2497 663 2544 ordinem
712 2513 807 2559 quo
854 2497 896 2544 is
945 2496 1331 2545 declamationes
1380 2497 1598 2556 exhibet,
1636 2497 1770 2543 haud

72 2593 185 2625 raro
225 2579 529 2640 relinqueret
567 2579 849 2641 multasque
889 2580 945 2626 ut
988 2580 1035 2626 ei
1077 2593 1126 2626 se
1171 2578 1477 2640 praebebant
1519 2578 1769 2626 insereret.

73 2658 244 2707 Editio
275 2675 392 2706 vero
425 2675 553 2721 quae
587 2676 616 2708 a
646 2661 848 2708 Reiskia
879 2659 1113 2707 instituta
1150 2662 1225 2707 est
1256 2659 1478 2707 ordinem
1518 2660 1655 2707 illius
1694 2662 1770 2706 te—

74 2739 185 2790 nuit
227 2755 350 2801 quas
390 2741 551 2802 prima
583 2741 780 2788 exhibet
818 2741 1202 2788 declamationes
1241 2757 1339 2788 non
1382 2741 1651 2788 secundum
1692 2757 1769 2787 ar-

74 2822 299 2882 gumenti
339 2822 717 2869 similitudinem
757 2837 846 2870 suo
887 2837 1132 2883 quamque
1173 2823 1281 2870 loco
1314 2820 1557 2882 inserens,
1601 2822 1684 2869 sed
1716 2823 1770 2868 in

73 2899 168 2948 fine
210 2902 542 2965 agglutinans.
607 2903 745 2960 Quae
789 2918 901 2950 cum
941 2903 1013 2950 ita
1052 2904 1153 2951 sint
1192 2919 1301 2950 cum
1342 2918 1603 2965 compages
1644 2897 1768 2950 ‘cor-
