2026 3192
691 111 734 156 N
737 111 961 156 FIPTUNI
992 110 1169 157 ACTIO
1662 113 1772 164 415

193 250 369 300 Codice
400 266 518 300 usus
551 256 625 301 est
656 252 756 301 Leo
788 252 1007 302 Allatius
1052 257 1102 302 et
1139 254 1376 303 lectiones
1416 254 1582 302 varias
1615 253 1773 302 decla-

0 382 2 384 Υ
78 325 312 381 mationis
346 325 651 392 φιλαργύρου
691 328 907 391 margini
947 327 1128 376 codicis
1161 328 1421 377 Barberini
1466 329 1717 390 adscripit.
1730 322 1771 394 1)

189 406 387 470 Inspexi
419 423 547 456 anno
584 409 740 457 1868.

190 488 383 552 Agmen
416 489 618 538 claudat
650 492 736 553 qui
768 491 920 539 codex
952 491 1252 553 perhibetur,
1284 507 1457 540 revera
1488 507 1587 540 non
1619 494 1694 540 est

193 565 275 610 213.
310 563 398 611 Sm
411 580 517 625 yrn
531 580 668 613 aeus
708 565 1037 614 bibliothecae
1082 566 1323 614 scholae
1365 565 1676 629 evangelie
1689 582 1752 613 ae
1778 581 1862 620 232

78 636 121 683 B
131 663 149 670 -
163 638 192 684 9
241 637 530 686 chartaceus
576 639 764 687 formae
804 642 1011 701 quartae
1052 641 1238 688 saeculi
1270 640 1451 705 ⁴XVIII
1490 640 1705 688 donatus
1746 655 1775 687 a

82 710 287 759 Tarasio
332 711 561 775 episcopo
604 713 978 776 Heliopolitano
1021 715 1366 763 miscellaneus
1421 715 1508 777 qui
1555 715 1775 762 continet

0 791 2 794 ’
76 787 193 848 post
215 787 357 835 varia
391 803 516 848 quae
543 790 764 837 recenset
794 788 1148 852 Papadopulus
1180 788 1451 837 Kerameus
1463 782 1505 855 2)
1538 788 1653 837 inde
1686 805 1714 836 a

0 1767 8 2190 *vss-——m-—w
0 1599 6 1754 -—-—-—-—-
0 1414 5 1589 v-ffi—-2
0 1362 3 1377 -
0 1297 5 1337 —-
0 1279 2 1281 v
0 1193 7 1261 *vv—u-
0 1152 4 1178 Ὗ
0 1067 3 1125 vr«
0 1025 1 1030 Α
0 983 1 987 Α
0 955 4 959 =
0 907 2 920 «ἡ
0 884 2 891 ν
0 848 2 857 <

188 867 311 917 folio
346 869 451 916 348
486 867 622 930 ἑτέρα
646 868 830 934 μελέτη.
862 870 1186 938 προθεορίαςε
1219 869 1446 934 ἐζήτησεν
1480 867 1505 919 ὃ
1538 869 1775 934 φίλιππος

78 940 163 990 τὸν
195 940 517 1007 δημοσθένην
550 937 717 1012 (253)

192 1025 297 1071 358
331 1025 617 1091 προθεορία.
650 1026 894 1093 τύραννος
924 1023 1106 1091 ’ἤτησεν
1138 1025 1186 1086 ἐξ
1217 1024 1558 1093 ἀστυγείτονος
1591 1025 1776 1085 πόλεως

79 1097 332 1164 μειράκιον
366 1092 523 1166 (459)

193 1181 298 1230 373
331 1181 629 1247 προθεωρία.
663 1180 813 1246 νόμος
843 1181 942 1233 ’τὸν
982 1181 1190 1250 εὑρόντα
1229 1183 1491 1251 θησαυρὸν
1532 1183 1686 1250 χιλίας
1717 1189 1775 1252 τῇ

78 1253 216 1304 πόλει
248 1254 443 1304 διδόναι
475 1255 693 1320 δραχμάς
726 1252 882 1324 (198)

193 1338 326 1385 385*
357 1337 659 1404 προθεωρία.
687 1331 927 1403 Ἀλκίππη
964 1339 1189 1406 θυγάτηρ
1211 1337 1384 1403 ’Ἀρεος
1416 1332 1502 1405 ἧν·
1550 1337 1777 1405 ἐτύγχανε

79 1407 131 1459 δὲ
164 1411 481 1471 Ποσειδῶνος
516 1411 625 1472 υίὸς
653 1406 960 1479 Ἁλιρρόθιος
992 1413 1117 1480 ἐρῶν
1149 1414 1323 1480 αὐτῆς·
1365 1410 1392 1463 ὃ
1426 1411 1605 1478 μαθὼν
1626 1409 1779 1478 ’Ἀρης

77 1492 252 1534 τοῦτον
292 1483 542 1535 ἀπέκτεινε
585 1485 667 1536 καὶ
710 1487 952 1547 δικάζεται
991 1489 1250 1538 Ποσειδῶν
1282 1483 1416 1555 ’Ἁρει
1461 1485 1584 1555 ὑπὲρ
1618 1482 1777 1555 ’Λλιρ-

80 1559 278 1625 ροθίου.

194 1643 327 1690 39οῩ
365 1640 500 1707 ἑτέρα
533 1640 702 1707 μελέτη
735 1642 788 1693 ἐκ
819 1652 905 1694 τοῦ
938 1643 1165 1694 ἐναντίου
1199 1642 1224 1693 ὅ
1247 1640 1399 1710 ’Ἁρης

195 1725 298 1771 397
336 1725 647 1788 Προθεωρία.
679 1725 915 1786 πλούσιος
939 1724 1225 1787 ἀριστεύσας
1248 1725 1429 1791 ’ᾔτησεν
1461 1726 1530 1787 εἰς
1560 1725 1651 1791 τὴν
1683 1726 1777 1776 δω-

79 1795 196 1863 ρεὰν
229 1796 344 1857 τοὺς
376 1798 607 1864 φυγάδας
637 1798 928 1850 ἐπανελθεῖν
961 1795 1120 1869 (540)

193 1880 300 1927 404
333 1880 632 1947 προθεωρία.
673 1881 763 1930 δύο
797 1881 868 1942 τὶς
908 1881 1030 1947 ἔχων
1068 1883 1249 1942 παῖδας
1290 1882 1375 1932 τὸν
1408 1881 1569 1949 ἕτερον
1599 1881 1776 1946 ἀπεκή-

79 1953 226 2019 ρυξεν
259 1947 416 2020 (687)

191 2036 298 2084 418
334 2034 530 2100 Μελέτη
555 2037 864 2103 πραγματικὴ
889 2039 1187 2102 προθεωρία.
1222 2038 1343 2106 ἔχων
1367 2038 1440 2099 τὶς
1464 2039 1567 2090 δύω
1597 2039 1778 2099 παῖδας

80 2107 204 2175 πρὸς
234 2107 318 2158 τὸν
351 2107 514 2176 ἕτερον
546 2109 734 2176 ἐχθρῶς
766 2110 968 2162 διέκειτο
1002 2107 1160 2181 (669)

194 2192 327 2239 429ν
346 2187 493 2259 ’Ὄρος
525 2191 578 2242 τὸ
604 2192 791 2258 ζήτημα
816 2192 901 2254 τὰς
925 2195 1125 2254 πλείους
1148 2194 1357 2259 ψήφους
1383 2198 1578 2262 κρατεῖν
1603 2188 1776 2262 (502).

81 2262 280 2329 Μελέτη
311 2267 574 2331 Λιβανίου.

194 2348 298 2396 435
327 2347 634 2414 φιλαργύρου
659 2353 776 2408 παῖς
799 2357 886 2398 τοῦ
912 2350 1093 2415 πατρὸς
1118 2351 1250 2420 αὐτῷ
1283 2350 1558 2415 κάμνοντος
1582 2349 1775 2415 ηὔξατο.

81 2421 378 2487 προθεωρία.
427 2420 597 2487 μελέτη
637 2423 875 2488 λιβανίου.
939 2425 1052 2474 Des.
1086 2426 1167 2474 fol.
1213 2427 1346 2474 439ν
1392 2422 1455 2474 ἂν
1501 2423 1696 2494 ὑπάρχῃ
1744 2421 1775 2488 ἡ

82 2493 241 2560 τροφὴ
276 2492 424 2561 (669,
444 2490 516 2564 4).

193 2576 484 2640 Descriptus
509 2582 583 2626 est
600 2595 657 2626 ex
675 2579 890 2629 editione
909 2581 1217 2630 Morelliana.
1250 2581 1451 2644 Inspexi
1468 2583 1758 2630 ann001896

195 2658 268 2705 Ex
300 2659 377 2707 his
409 2676 532 2722 quos
563 2661 616 2708 in
648 2676 845 2710 censum
878 2662 1126 2711 vocandos
1159 2678 1261 2711 esse
1295 2662 1413 2710 duxi
1445 2663 1635 2712 codices
1668 2679 1774 2725 sep-

203 2817 247 2930 {3
279 2814 671 2932 {jsssvssizbygfffciv
703 2876 1027 2934 χειρογράφων
1058 2883 1138 2932 τῆς
1169 2879 1219 2922 ἐν
1244 2878 1439 2937 Σμύρνῃ
1472 2877 1777 2936 βιβλιοθήκης

83 2936 163 2987 τῆς
195 2933 493 2990 εύαγγελικῆς
525 2937 700 2992 σχολῆς,
735 2936 927 2992 Σμύρνη
963 2941 1074 2980 1877
1109 2951 1153 2993 p.
1181 2941 1235 2980 32
1254 2952 1319 2992 sq.
