2026 3192
499 146 728 190 LIBANH
756 145 1018 190 LEGATIO
1051 147 1327 191 MENELAI
1687 148 1791 200 175

218 282 464 335 167V·x&'
496 286 549 335 οἱ
574 286 882 335 ποτιὸαιάται
913 284 1135 349 ἀλλήλων
1167 285 1427 351 ἐγεύσαντο
1462 282 1620 354 (348)

220 361 348 408 176”
379 357 420 408 λ’
450 359 603 424 νόμος
634 360 718 409 τὸν
749 358 828 409 ἐπὶ
860 367 946 424 τῆς
976 359 1233 423 ἐκκλησίας
1266 358 1489 424 ὀφθέντα
1522 356 1679 428 (478)

216 435 347 482 184v
378 431 452 483 λα’
492 433 635 498 φήμη
675 427 739 499 ἦν
777 439 1002 483 συνεῖναι
1039 433 1124 484 τὸν
1164 434 1346 500 πατέρα
1384 443 1442 500 τῆ
1489 443 1576 485 τοῦ
1616 437 1792 497 παιδὸς

101 508 304 574 γυναικί
331 502 490 576 (568)

216 583 318 631 189
365 581 482 647 μετὰ
526 581 584 631 τὰ
629 581 684 631 ἐν
730 585 959 647 σαλαμῖνι
1004 580 1372 648 ἀναλαμβάνειν
1418 582 1552 643 ἀξιοῖ
1588 589 1790 650 νεοκλῆς

215 748 345 794 194*
375 749 432 812 λγ
505 745 556 795 ἐκ
587 752 675 795 τοῦ
707 744 930 795 ἐναντίου
965 743 990 795 ὃ
1014 738 1340 810 θεμιστοκλῆς
1365 741 1522 813 (388)

213 822 321 870 200
353 819 595 880 δικάζεται
625 820 870 869 ποσειὸῶν
901 817 1006 886 ἅρει
1036 818 1160 886 ὑπὲρ
1191 817 1485 887 ἀλιρροθίου
1518 816 1677 890 (402)

214 896 316 943 203
352 893 405 943 ἐκ
435 901 522 944 τοῦ
555 893 783 944 ἐναντίου
815 891 841 943 ὅ
871 892 997 960 ἄρης
1028 888 1185 962 (410)

211 970 345 1016 206v
374 968 527 1033 νόμος
557 969 643 1019 τὸν
675 968 903 1034 θορύβου
933 967 1017 1017 καὶ
1049 969 1259 1028 στάσεως
1290 969 1449 1018 αἴτιον
1482 964 1639 1039 (707)

211 1045 315 1091 213
349 1042 501 1107 νόμος
531 1042 618 1093 τὸν
648 1043 893 1107 τύραννον
926 1043 992 1107 μὴ
1025 1043 1309 1093 θάπτεσθαι
1341 1038 1496 1112 (447)

211 1119 314 1165 217
350 1115 545 1187 ἐξῄτησε
576 1117 662 1167 τὸν
694 1115 983 1182 δημοσθὲνη
1017 1117 1256 1179 φίλιππος
1289 1113 1444 1185 (253)

210 1193 313 1239 222
347 1190 500 1255 νόμος
530 1190 615 1242 τὸν
646 1192 808 1252 ξενίας
839 1189 1018 1241 ἆλόντα
1049 1191 1430 1259 πιπράσκεσθαι.
1479 1190 1504 1242 ὃ
1538 1193 1785 1258 δημοσθέ-

93 1282 187 1328 νης
218 1259 374 1333 (323)

209 1341 313 1388 226
350 1337 387 1404 ᾗ
425 1339 577 1405 νόμος
615 1339 700 1389 τὸν
746 1337 905 1406 ἄνδρα
950 1339 1041 1404 τὴν
1087 1344 1269 1406 προῖκα
1315 1347 1402 1403 τῆς
1441 1343 1787 1407 μοιχευθείσης

95 1406 268 1480 (582).
299 1414 498 1463 Desinit
513 1415 635 1463 folio
654 1416 759 1463 235
778 1416 831 1463 in
854 1415 1007 1463 verba
1029 1419 1321 1481 κακουργεῖν
1344 1413 1631 1465 ἀνεύθυνον
1654 1415 1786 1466 ἔδοτε

95 1481 116 1554 (
205 1481 345 1610 ssolio
374 1564 506 1612 235v
536 1579 667 1612 nova
697 1564 876 1625 incipit
898 1579 1094 1612 manus:
1128 1570 1215 1612 τοῦ
1239 1560 1383 1629 ἁγίου
1408 1565 1638 1614 συνεσίου
1662 1564 1785 1632 πρὸς

93 1634 209 1694 τοὺς
240 1634 550 1695 ἐπισκόπους.
614 1637 812 1686 Desinit
842 1638 963 1686 folio
999 1640 1120 1686 237.

204 1711 502 1760 Examinavi
534 1715 583 1759 et
616 1728 641 1758 e
673 1715 814 1774 parte
849 1712 1038 1760 contuli
1071 1713 1391 1762 annolSSO.

203 1784 262 1831 In
293 1787 468 1847 primis
503 1789 566 1834 11
604 1786 1049 1834 declamationibus
1082 1802 1192 1834 cum
1224 1786 1317 1834 hoc
1349 1787 1577 1849 concinit,
1609 1791 1783 1851 postea

92 1874 210 1907 vero
241 1861 440 1907 tantum
471 1863 702 1923 excerpta
734 1877 791 1908 ex
824 1861 994 1909 eadem
1026 1861 1195 1924 ecloga
1228 1861 1449 1910 continet

204 1933 289 1981 48.
337 1933 651 1982 Parisinus
691 1951 770 1999 gr.
813 1936 977 1983 3015
1028 1938 1176 1984 antea
1211 1933 1557 1998 OIOCIOLVI,
1601 1938 1759 1998 2274,
1786 1956 1866 1996 191

94 2008 235 2054 3289
257 2007 580 2070 bombycinus
604 2009 793 2057 formae
818 2011 1024 2058 octavae
1050 2002 1233 2058 saeculi
1248 2008 1367 2057 XIV
1392 2010 1511 2058 olim
1535 2010 1779 2060 Ioannis

90 2080 340 2129 Huralti
382 2082 524 2131 Bois
542 2077 835 2150 talleriil)
881 2085 1009 2131 teste
1047 2083 1367 2146 inscriptione
1406 2085 1517 2132 folii
1553 2084 1779 2147 praefixi:

2 2174 3 2178 ¹
90 2169 237 2214 opera
269 2160 409 2216 atque
439 2159 671 2216 impensis
702 2158 927 2206 Huraltii
958 2158 1261 2206 Boistallerii
1299 2159 1421 2206 liber
1456 2159 1534 2207 hic
1572 2159 1701 2207 lacer
1740 2164 1782 2208 et

4 2243 6 2249 ·
88 2230 294 2278 mutilus
323 2231 434 2278 huic
463 2233 651 2292 formae
683 2235 751 2280 est
783 2234 1031 2280 restitutus
1072 2232 1279 2280 Venetiis
1309 2231 1457 2280 Anno
1492 2233 1636 2281 1562
1668 2248 1778 2281 con-

89 2303 217 2351 tinet
247 2304 361 2352 inde
395 2320 424 2351 a
455 2305 577 2353 folio
614 2309 640 2354 1
677 2305 928 2370 Λιβανίου
961 2312 1201 2368 σοφιστοῦ
1234 2304 1422 2370 μελέται
1454 2300 1622 2373 (rubr)

205 2380 231 2424 1
267 2375 390 2442 ἔχων
420 2378 492 2438 τίς
522 2383 733 2444 γυναῖκα
764 2378 846 2428 καὶ
878 2377 947 2428 ὢν
982 2379 1076 2430 ὑπὸ
1109 2377 1254 2446 πατρὶ
1287 2377 1415 2443 (639
1435 2374 1502 2446 R)

203 2453 231 2499 6
283 2452 589 2519 φιλαργύρου
636 2457 752 2512 παῖς
783 2451 1072 2520 ἀριστεύσας
1118 2452 1298 2518 ἤτησεν
1336 2453 1406 2513 εἰς
1453 2454 1543 2518 τὴν
1589 2453 1776 2521 δωρεὰν

88 2527 278 2573 θαλλοῦ
309 2524 554 2589 στέφανον
587 2521 743 2594 (622)

204 2602 267 2647 11
303 2597 455 2663 νόμος
486 2601 571 2652 τὸν
602 2599 808 2667 εὑρόντα
840 2600 1101 2666 θησαυρὸν
1135 2595 1291 2668 (198)

206 2675 270 2720 17
305 2673 539 2733 πλούσιος
570 2673 856 2742 ἀριστεύσας
886 2674 1066 2740 ᾔτησεν
1098 2669 1256 2742 (540)

201 2748 296 2794 21Ὓ
327 2746 471 2811 φήμη
503 2741 567 2812 ἦν
597 2753 818 2799 συνεῖναι
847 2748 934 2800 τὸν
964 2749 1202 2799 πλούσιον
1234 2743 1391 2817 (552)

209 2902 251 2957 1)
282 2901 334 2945 In
357 2903 513 2947 indice
537 2903 749 2948 codicum
772 2905 910 2948 huius
935 2904 1264 2961 bibliothecae,
1290 2906 1348 2950 de
1372 2921 1463 2962 quo
1487 2909 1519 2950 t.
1537 2904 1602 2949 IV
1624 2921 1669 2962 p.
1689 2910 1773 2950 416

11 2987 15 3025 5
87 2960 183 3002 not.
211 2965 236 3003 2
267 2962 408 3005 verba
438 2962 544 3017 feci,
577 2964 649 3006 est
678 2978 722 3007 n.
748 2968 804 3007 48
836 2963 1050 3022 λιβανίου
1083 2971 1306 3018 σοφιστοῦ
1338 2964 1476 3021 λόγοι.
