2026 3192
617 139 846 184 LIBANII
877 138 1137 184 LEGATIO
1171 139 1365 184 ULIXIS
1723 139 1794 191 22
1800 140 1828 191 7

258 283 304 329 2.
325 275 570 343 ’Έφησθα
582 273 623 346 1)
655 279 828 328 τοίνυν
859 277 1083 345 ἀνάγκην
1114 278 1239 344 ἔχειν
1270 276 1399 343 ἡμᾶς
1430 276 1462 343 ἢ
1499 277 1583 328 τὸν
1611 272 1832 338 Ἀλέξαν-

144 354 265 419 δρον
296 353 570 418 θαυμάζειν
602 360 688 418 τῆς
719 351 944 420 ἁρπαγῆς
969 351 1002 418 ἢ
1027 353 1210 417 ταύτην
1234 351 1512 402 ἀποδοῦναι
1535 352 1626 417 τὴν
1653 354 1831 419 πρᾶξιν

142 427 429 487 κακίζοντας
459 425 493 492 ἢ
526 420 596 476 ὧν
622 421 922 498 Ἀλεξάνδρῳ
962 426 1260 492 μεμφόμεθα
1297 434 1448 476 ταῦτα
1487 426 1554 491 μὴ
1596 426 1833 493 διορθού-

144 519 282 566 μενοι
313 495 790 569 (διορθουμένουςῗ)
823 501 982 566 παρὸν
1010 501 1200 561 τούτοις
1223 500 1271 561 ἐξ
1297 499 1514 567 ἀνάγκης
1540 495 1833 568 (ἐξανάγκης

143 570 263 643 Par)
296 573 547 640 ἐνέχεσθαι
557 569 614 642 ²).

253 650 414 698 Ulixis
446 650 856 699 declamationem
886 652 1075 713 primus
1106 650 1244 712 typis
1274 650 1503 713 vulgavit
1533 665 1662 698 anno
1690 650 1829 697 1606

141 724 594 773 FedsMorellus
634 725 741 773 Lib.
775 741 885 787 opp.
918 727 954 773 t.
980 724 1006 772 I
1035 741 1083 786 p.
1112 725 1402 773 200—227
1443 739 1562 773 usus
1601 724 1686 771 ille
1726 723 1832 785 qui-

144 799 255 847 dem
287 798 536 847 codicibus
568 798 795 847 Parisino
828 816 899 861 gr.
928 800 1071 847 3014
1105 800 1155 846 et
1188 799 1345 847 2988.

253 872 401 920 Hunc
445 874 635 921 textum
682 873 947 921 admodum
991 873 1282 921 mendosum
1328 872 1606 920 Reiskius
1653 887 1763 919 cum
1808 888 1832 919 e

141 946 600 996 Wolfenbuttelano
633 947 694 995 ab
725 963 876 995 uxore
908 947 1089 996 collato
1122 950 1172 995 et
1202 947 1498 1010 Augustano
1537 946 1749 995 secundo
1781 946 1833 992 id

143 1024 218 1069 est
248 1021 533 1069 Monacensi
565 1023 672 1070 490
706 1022 870 1070 codice
901 1037 1079 1083 parum
1110 1021 1304 1085 integro
1335 1023 1444 1068 tum
1476 1037 1534 1069 ex
1568 1022 1727 1082 ipsius
1758 1022 1832 1067 in-

142 1095 287 1159 genio
320 1096 553 1156 correxit,
584 1112 708 1144 uxor
739 1112 854 1145 vero
885 1097 1046 1159 magis
1079 1111 1230 1158 quam
1269 1111 1360 1158 par
1399 1097 1506 1143 erat
1537 1097 1640 1142 eius
1672 1111 1832 1142 emen-

143 1169 368 1217 dationes
398 1169 451 1217 in
482 1171 626 1218 notas
659 1170 889 1234 ablegare
923 1185 1072 1232 quam
1110 1171 1164 1218 in
1201 1171 1343 1218 textu
1380 1185 1616 1232 reponere
1655 1169 1834 1216 maluit

142 1238 202 1310 (t.
225 1242 298 1290 IV
330 1261 377 1307 p.
405 1238 662 1311 15—47).

252 1318 531 1367 Nonnullos
562 1319 696 1367 locos
729 1319 1045 1368 correxerunt
1074 1318 1161 1366 Fr.
1193 1318 1504 1366 Iacobsius
1536 1318 1589 1364 in
1622 1313 1833 1365 ‘Lectio-

142 1388 306 1439 nibus'
342 1393 554 1455 aliisque
576 1386 786 1459 librisss),
810 1393 1247 1442 Boissonadius
1273 1409 1298 1441 e
1321 1392 1549 1440 Parisino
1575 1408 1648 1455 gr.
1675 1392 1832 1451 3017,

143 1460 388 1533 Gasda4)
424 1468 510 1529 qui
542 1468 713 1515 eodem
744 1467 910 1516 codice
941 1482 1058 1515 usus
1083 1469 1171 1531 est,
1205 1466 1481 1530 Cobetus3
1513 1481 1695 1528 paucos
1726 1467 1833 1512 ten-

141 1542 272 1589 tavit
301 1541 485 1589 Maur.
519 1533 957 1609 Schmidtius.⁵)

265 1699 306 1754 1)
340 1697 407 1741 Cf.
440 1713 484 1754 p.
512 1702 611 1753 238,
632 1703 654 1742 7
674 1713 740 1753 sq.

262 1760 306 1814 2)
340 1757 482 1814 Signo
513 1757 618 1800 finis
657 1757 811 1814 posito
852 1757 1063 1813 sequitur
1107 1756 1156 1799 in
1203 1756 1317 1801 folio
1350 1760 1404 1799 47
1451 1756 1836 1814 συμβουλευτικὸς

142 1815 261 1870 πρὸς
290 1817 400 1866 τοὺς
429 1819 793 1872 θεσσαλονικεῖς,
824 1815 965 1874 ἡνίκα
999 1817 1371 1872 ἐπολιορκοῦντο.

263 1876 306 1986 {3
340 1875 407 1979 g}
433 1876 668 1992 {agg-76
687 1890 752 1932 sq'

264 1997 306 2051 5)
340 1994 508 2039 Philol.
532 1994 574 2037 X
599 1999 698 2038 626.

1394 3042 1480 3084 15*
