2026 3192
729 135 980 180 TIMONIS
1012 135 1238 180 ORATIO
1719 137 1824 189 561
1899 132 1910 149 ⁵

134 293 246 335 νος
284 275 638 342 ἅνθρωπος
676 269 781 324 καὶ
828 274 1116 340 τρίβωνα
1162 269 1327 342 ἔχων
1379 280 1832 341 στεφανοῦται

134 362 383 414 καὶτὸν
408 361 653 431 ’Ἑρωτά
685 374 888 430 φησιν
920 355 1092 414 εἶναι
1124 363 1307 424 θεόν;
1348 362 1486 414 ἀλλὰ
1516 369 1626 414 νῦν
1656 363 1832 430 κακήν

134 470 259 503 τινα
303 450 536 519 ταύτην,
583 447 624 504 ὦ
668 451 818 516 θεοί,
858 451 1203 521 παλινῳδίαν
1244 449 1400 521 ᾅδειν
1447 450 1832 519 ἀναγκάζομαι.

134 540 222 592 47.
270 539 338 592 οὐ
386 539 602 607 νέμεσις
642 537 951 608 Σωκράτην
998 539 1130 592 οὐδὲ
1165 537 1456 606 Ἀγάθωνα
1504 537 1635 593 οὐδὲ
1667 536 1833 605 Ἀθη-

135 632 329 691 ναίους
367 629 610 691 ἅπαντας
657 626 798 697 ἀμφὶ
845 629 1039 700 τοιῷδε
1085 632 1349 700 μειρακίῳ
1395 631 1702 682 κόπτεσθαι
1739 627 1831 681 καὶ
1879 649 1900 682 5

134 717 366 786 πάσχειν
403 726 583 780 κακῶς
620 718 753 786 μετὰ
799 717 862 769 τὸ
909 712 1092 770 ἆθλον
1137 725 1232 785 τῆς
1272 719 1558 780 κολακείας
1603 718 1695 770 καὶ
1734 718 1833 770 τὸν

136 816 323 873 κῶμον
368 807 469 859 τὸν
524 806 625 859 οὐκ
681 806 898 874 ἀγεννῆ.
953 805 1092 874 ὑπὲρ
1134 807 1486 874 Νάρκισσον,
1540 803 1679 874 ὑπὲρ
1734 807 1833 859 τὸν

129 891 462 962 Ἀμυκλαῖον
494 895 707 948 ἐκεῖνον
739 897 952 964 ἔφηβον
974 894 1333 963 Ἀλκιβιάδης,
1366 894 1504 965 ὑπὲρ
1537 897 1636 949 τὸν
1665 894 1832 965 ‘Hou-

135 983 657 1053 κλέους”ἐρώμενον
709 982 811 1053 τὴν
858 985 1023 1052 ὥραν.
1079 983 1196 1037 ἀλλ’
1252 984 1451 1037 ε’κεῖνοι
1496 982 1600 1051 μὲν
1642 983 1646 1055 ξ
1698 989 1819 1033 RIV
1837 994 1922 1033 196

136 1074 459 1141 προῦλαβον
496 1076 628 1136 τοὺς
659 1071 891 1143 ἐραστὰς
921 1080 996 1145 τῷ
1029 1074 1275 1144 θανάτῳ,
1315 1072 1422 1141 ἐγὼ
1456 1074 1518 1126 δὲ
1550 1073 1833 1141 ἀντιστρό-
1857 1094 1901 1126 10

138 1181 252 1230 φου
292 1172 563 1232 πειρῶμαι
603 1171 697 1231 τῆς
729 1163 909 1232 τύχης.
949 1162 1036 1215 48.
1068 1170 1340 1215 τοσοῦτον
1373 1162 1438 1214 δέ
1464 1182 1556 1229 μοι
1589 1164 1833 1230 περίεστι

136 1259 236 1303 τοῦ
276 1252 412 1319 πρὸς
451 1251 625 1304 αὐτὸν
668 1255 869 1321 ἔρωτος
909 1251 1048 1304 ὥστε
1088 1250 1263 1320 ἕτεροι
1296 1248 1399 1320 μὲν
1429 1254 1559 1313 τοὺς
1591 1250 1836 1319 ὁρῶντας

137 1341 310 1393 αὐτὸν
361 1343 780 1411 μακαρίζουσιν,
844 1339 949 1408 ἐγὼ
1006 1337 1067 1393 δὲ
1121 1339 1211 1392 καὶ
1257 1337 1575 1412 Ἀγαθάρχῳ
1633 1345 1831 1407 φθονῶ

137 1436 233 1497 τῆς
286 1429 498 1498 ὕβρεως
551 1427 643 1482 καὶ
709 1428 956 1498 Ταυρέαν
1012 1431 1150 1497 ζηλῶ
1205 1437 1301 1498 τῆς
1354 1434 1566 1498 πληγῆς
1619 1429 1690 1497 ἣν
1745 1427 1832 1481 ἐπὶ

137 1519 339 1587 κόρρης
364 1517 621 1586 ἐδέξατο[.
647 1517 858 1586 ἔπαισε]
883 1519 1119 1588 χορηγὸς
1144 1516 1225 1570 ὢν
1255 1516 1346 1570 καὶ
1372 1518 1832 1586 στεφανούμενος.
1858 1539 1900 1571 15

259 1668 281 1706 1
318 1662 375 1706 of.
402 1663 518 1707 decl.
543 1663 694 1709 Alcib.
721 1664 791 1707 ed.
819 1663 1060 1720 Molanges
1093 1663 1250 1707 Graux
1272 1679 1316 1720 p.
1343 1668 1444 1717 635,
1463 1668 1517 1706 26
1643 1667 1666 1706 7
1701 1662 1832 1707 Ovid.

138 1725 248 1766 met.
265 1722 330 1766 m
346 1727 445 1766 353.
471 1722 580 1766 Luc.
599 1722 784 1766 Charid.
803 1727 828 1776 ξ
846 1727 917 1766 24.
943 1722 1001 1766 cf.
1018 1725 1051 1767 t.
1061 1722 1125 1766 IV
1142 1727 1243 1778 448,
1256 1727 1310 1766 10
1412 1726 1437 1766 8
1456 1722 1514 1766 cf.
1533 1724 1563 1765 fi.
1584 1722 1648 1765 IV
1664 1726 1766 1775 450,
1779 1727 1832 1765 16

260 1787 310 1824 11
347 1781 403 1825 cf.
436 1797 482 1838 p.
510 1787 610 1837 541,
630 1787 684 1826 19
824 1786 878 1825 13
920 1782 977 1826 cf.
1012 1782 1130 1826 decl.
1154 1782 1305 1826 Alcib.
1332 1781 1409 1825 1.1.
1444 1797 1489 1838 p.
1516 1787 1616 1836 635,
1635 1786 1706 1825 28.
1738 1782 1834 1824 An-

139 1841 239 1884 doe.
259 1854 296 1884 e.
313 1840 464 1884 Alcib.
483 1846 507 1894 ἕ
527 1846 595 1886 17,
628 1841 758 1885 Dem.
777 1841 890 1885 Mid.
910 1847 934 1895 ξ
954 1846 1051 1886 147.
1085 1842 1205 1886 Plut.
1226 1840 1375 1886 Alcib.
1397 1845 1452 1884 16
1578 1847 1631 1884 14
1658 1841 1831 1884 Andoc.

138 1899 223 1943 1.1.
251 1905 321 1944 21.
352 1899 840 1944 Dem.1..1P1ut.1..1

260 2039 284 2077 3
317 2031 451 2095 ᾄδειν
476 2034 797 2091 ἀναγκάζομαι
822 2035 986 2091 scripsi
1012 2048 1067 2078 ex
1092 2036 1193 2079 HD
1257 2034 1487 2089 scriptura
1510 2033 1559 2075 in
1587 2034 1646 2078 Cr
1669 2046 1833 2089 parum

139 2096 268 2136 certa
321 2080 643 2150 ἀναγκάζομαι
659 2093 794 2139 ἄδειν
811 2095 857 2138 Β
867 2094 1082 2139 VaMaGl
1196 2100 1222 2136 4
1240 2091 1346 2138 ουδ’
1355 2096 1417 2148 (2)
1436 2093 1595 2136 VaMa
1683 2098 1734 2135 -7
1752 2093 1835 2136 τὸν

140 2154 225 2197 οὐκ
250 2154 443 2210 ἀγεννῆ]
468 2160 560 2196 τῶν
584 2154 751 2209 κώμων
775 2154 855 2196 καὶ
879 2155 974 2209 (om
999 2155 1070 2210 Η)
1104 2154 1189 2197 οὐκ
1221 2154 1413 2209 ἀγεννὲς
1439 2152 1541 2196 HD
1603 2151 1834 2207 scriptura

139 2256 189 2298 in
216 2256 275 2300 Cr
306 2269 472 2311 pamm
504 2257 633 2300 certa
708 2212 790 2300 {sega}
821 2257 907 2301 οὐκ
939 2259 1111 2314 ἀγεννῆ
1143 2258 1231 2300 Ma
1263 2256 1345 2299 sed
1378 2256 1425 2307 ὲς
1457 2268 1598 2312 supra.
1630 2261 1658 2311 ῆ
1690 2255 1760 2298 m'

139 2315 221 2358 καὶ
252 2315 336 2359 οὐκ
369 2315 559 2371 ἀγεννὲς
583 2316 629 2359 Β
656 2317 662 2371 Ι
691 2317 833 2373 ἀγενῆ
858 2316 960 2359 Mor
983 2317 1040 2359 cf.
1066 2318 1098 2359 t
1124 2316 1145 2359 1
1171 2320 1240 2369 95,
1260 2320 1314 2358 12
1439 2320 1462 2358 7
1496 2314 1612 2369 ὑπὲρ
1639 2314 1728 2358 Μα
1752 2315 1833 2358 sed

139 2374 190 2417 τὸ
224 2376 418 2429 αηΐῖθροε
450 2373 519 2416 m²
546 2377 552 2430 Ι
584 2374 854 2443 Νάρκισσον
890 2375 1056 2432 scripsi
1116 2375 1168 2418 τὸ
1202 2372 1475 2430 ὑπερνίκιον
1500 2375 1558 2418 H
1611 2374 1663 2417 τὸ
1695 2374 1834 2429 ὑπερ-

140 2430 293 2477 νίκιον
318 2434 368 2476 D
429 2433 658 2489 scriptura
689 2434 736 2477 in
765 2435 825 2480 Cr
853 2449 1019 2491 parum
1052 2436 1179 2478 certa
1251 2432 1410 2478 νικίαν
1434 2432 1715 2478 BVaMaCz
1744 2432 1833 2476 edd

212 2492 460 2548 quominus
503 2490 680 2537 Νικίαν
719 2493 1049 2550 Aristophanis
1097 2493 1206 2536 eccl
1241 2497 1327 2536 428
1373 2492 1627 2549 significari
1672 2492 1834 2536 credas

141 2550 300 2594 obstat
330 2550 443 2594 1.10
505 2550 660 2619 Νιρέα
691 2552 796 2596 coni
819 2553 981 2597 Iacobs
1013 2552 1119 2596 Phil
1145 2556 1230 2595 353
1264 2554 1313 2595 at
1346 2551 1502 2596 obstat
1533 2551 1758 2595 iteruml.
1779 2556 1833 2595 10

260 2614 287 2652 8
321 2610 496 2668 ἔφηβον
529 2611 693 2667 scripsi
771 2612 945 2670 ἔφηβος
983 2611 1092 2654 libri
1131 2611 1223 2654 edd
1272 2614 1279 2667 Ι
1328 2618 1421 2655 τῶν
1453 2613 1501 2655 et
1533 2615 1558 2653 9
1593 2610 1833 2667 ἐρωμένων

142 2669 292 2712 HDB
354 2669 620 2725 scripturas
608 2685 657 2713 in
677 2672 737 2716 Cr
758 2684 926 2727 parum
950 2675 1078 2714 certa
1104 2673 1111 2726 Ι
1137 2670 1221 2726 τὴν
1246 2668 1392 2728 ωραν]
1418 2666 1525 2715 τὸν
1525 2667 1653 2714 ’Τλαν
1678 2668 1835 2713 Gasda.

264 2776 318 2815 10
350 2773 437 2828 ἐγὼ
461 2798 519 2804 -
546 2778 601 2816 14
633 2771 808 2832 υβρεως
840 2774 957 2818 citat
987 2773 1102 2816 Plan
1136 2772 1202 2816 fol
1237 2777 1346 2816 105⁷
1484 2779 1538 2817 12
1564 2728 1718 2818 ahvaz
1746 2775 1833 2817 Ma

202 2832 356 2875 αὐτῶν
375 2831 427 2875 Ol
453 2846 457 2871 ὲ
485 2829 680 2887 φίλτρου
705 2834 774 2876 Va
896 2838 949 2876 13
974 2833 1054 2875 καὶ
1078 2845 1152 2875 om
1170 2833 1228 2876 H
1343 2837 1397 2876 14
1426 2832 1643 2887 Ταυρέαν
1668 2833 1833 2888 scripsi

143 2903 167 2932 e
187 2890 351 2935 GrHD
410 2887 642 2944 ταυραίαν
658 2893 704 2935 Β
717 2892 936 2936 VaMaCl
950 2891 1041 2935 edd
1165 2896 1218 2934 15
1244 2890 1431 2944 ἐδέξατο
1448 2892 1646 2949 χορηγὸς
1669 2891 1831 2947 scripsi

143 2951 330 2992 auctore
362 2949 429 2991 Re
490 2949 677 3002 ἐδέξατο
697 2985 704 2992 .
725 2950 882 2994 ἔπαισε
915 2950 1111 3007 χορηγὸς
1140 2949 1250 2994 libri
1283 2950 1373 2993 edd

231 3030 428 3063 meut's
453 3032 508 3062 ed.
534 3032 770 3063 Fosi-ster.
795 3033 838 3063 V.
1417 3027 1472 3067 36
