2054 3192
246 99 313 150 12
731 97 962 141 LIBANII
993 97 1384 142 DECLAMATIO
1416 98 1438 141 I

238 255 336 286 non
368 239 527 287 solum
561 254 585 285 e
619 238 785 286 codice
817 237 1042 285 Parisino
1077 239 1178 285 301
1191 239 1218 284 7
1254 237 1339 285 sed
1371 237 1523 285 etiam
1555 254 1579 284 e
1613 253 1700 286 suo
1732 238 1933 301 ingenio

238 329 381 374 opem
411 312 534 360 tulit
565 311 956 372 saluberrimam,
990 310 1025 358 O
1037 327 1064 358 o
1075 312 1105 358 b
1117 314 1216 359 etu
1225 327 1246 359 s
1259 305 1314 377 1).

348 386 440 434 His
465 387 566 433 fere
593 388 742 447 atque
767 386 1019 433 nonnullis
1047 384 1220 433 Cobeti
1243 385 1526 446 Naberique
1550 386 1705 447 copiis
1730 385 1932 433 ineditis

237 475 353 508 usus
392 476 545 522 aeque
579 463 729 521 atque
763 462 1002 521 quattuor
1034 460 1256 508 codicum
1287 459 1559 520 Urbinatis,
1591 459 1931 522 Laurentiani‚

237 534 487 594 Vaticani,
517 533 731 581 Parisini
765 535 868 582 301
879 535 907 581 7
940 533 1234 582 lectionibus
1275 532 1455 595 quibus
1486 536 1653 582 tamen
1684 535 1816 581 recte
1854 533 1930 580 uti

237 608 446 656 nescivit
457 601 521 674 2),
563 608 648 669 qui
686 609 1007 656 novissimam
1057 609 1251 656 curavit
1297 607 1565 655 editionem
1611 608 1655 654 R
1665 622 1692 655 o
1703 624 1735 670 g
1743 609 1843 670 giu
1853 623 1874 655 s
1885 601 1930 673 3)

240 676 333 747 (=
346 674 479 748 Rog)
489 684 654 729 textus
671 681 883 730 formam
896 682 1055 729 multo
1069 682 1323 729 meliorem
1335 681 1553 729 reddidit
1566 681 1714 729 sedin
1726 681 1787 728 iis
1802 697 1931 743 quae

238 771 327 804 suo
361 756 518 803 Marte
560 756 776 803 mutavit
814 771 1015 802 manum
1053 756 1155 803 fere
1193 756 1438 803 infelicem
1476 755 1709 804 exhibuit.
1764 754 1933 803 Pauca

188 865 190 867 -
238 829 300 877 ad
324 832 517 878 textum
541 830 857 893 Boggianum
882 830 1224 893 corrigendum
1247 829 1564 891 protulerunt
1596 829 1675 876 Th
1687 828 1932 877 eodorus

239 897 591 969 Gomperz4)‚
619 903 970 965 Rudolphus
1004 896 1277 969 Hirze15),
1306 903 1601 951 Martinus
1637 903 1823 951 Schan
1837 896 1932 968 ΖΘ),

237 978 383 1039 plura
421 978 673 1040 praeclare
713 978 917 1025 inventa
955 994 1044 1039 per
1082 979 1276 1026 litteras
1316 993 1507 1025 mecum
1547 977 1934 1025 communicavit

237 1052 527 1100 Ernestus
560 1051 919 1099 Hefermehl.

358 1209 400 1263 1)
433 1207 654 1251 Mnemos.
686 1206 744 1250 N.
772 1206 815 1250 S.
840 1207 905 1250 ΙΠ
935 1222 979 1263 p.
1008 1211 1263 1261 141—1563
1298 1206 1485 1251 Collect.
1518 1222 1563 1263 p.
1592 1212 1691 1251 255.

358 1268 401 1322 2)
435 1266 501 1310 Cf.
535 1279 656 1322 quae
690 1266 787 1309 dixi
818 1266 867 1309 in
899 1266 1132 1310 Deutsche
1163 1266 1611 1322 Litteraturzeitung
1641 1266 1670 1310 l.
1695 1265 1726 1310 1.

357 1328 399 1382 3)
433 1326 619 1369 Libanii
651 1324 871 1383 apologia
904 1325 1121 1370 Socratis.
1163 1326 1416 1370 Recensuit
1453 1326 1668 1381 notisque
1707 1325 1931 1369 instruxit

236 1385 292 1427 Y.
317 1384 373 1427 H.
399 1385 561 1442 Rogge
592 1384 933 1428 Amstelodami
968 1390 1094 1430 1891.

355 1446 399 1500 4)
430 1444 650 1501 Beitrage
682 1459 762 1487 zur
793 1444 949 1487 Kritik
979 1445 1077 1488 und
1101 1444 1367 1500 Erklarung
1397 1443 1711 1501 griechischer
1735 1443 1928 1487 Schrift-

237 1502 408 1547 steller.
442 1502 528 1547 VH
548 1503 994 1561 (Sitzungsberichte
1020 1504 1101 1547 der
1117 1504 1243 1547 Kais.
1262 1503 1412 1547 Akad.
1441 1503 1522 1547 der
1536 1503 1675 1547 Wiss.
1701 1503 1751 1547 in
1774 1502 1930 1547 Wien.

235 1562 409 1606 Philos.
432 1562 542 1606 hist.
568 1561 739 1616 Classe,
772 1562 860 1606 vol.
887 1562 1068 1606 CXLIII
1098 1579 1143 1620 p.
1172 1567 1225 1606 13
1244 1564 1342 1619 sq.).

356 1623 400 1678 5)
431 1621 548 1666 Mus.
582 1622 731 1665 Rhen.
756 1621 891 1676 XLII,
926 1627 1010 1666 243
1030 1637 1095 1678 sq.

356 1683 398 1737 6)
431 1680 550 1725 Plat.
586 1680 707 1737 apol.
743 1684 987 1725 comment.
1019 1697 1063 1738 p.
1095 1686 1150 1725 37
1184 1683 1231 1725 et
1262 1686 1332 1726 44.
