2026 3192
473 127 743 173 ACHILLIS
775 128 857 173 AD
889 128 1124 173 ULIXEM
1156 128 1486 174 ANTILOGIA
1696 130 1801 183 357

112 266 212 319 τὸν
251 267 556 334 ἄνθρωπον
593 275 705 319 τῶν
733 263 1011 334 Ἑλλήνων
1043 265 1072 320 ὁ
1107 268 1295 335 φόνος.
1335 260 1429 320 εἶτ’
1470 263 1560 336 ἐμὲ
1593 269 1805 329 πείθεις

111 363 318 408 παῦσαι
358 362 522 408 τοῦτο
563 353 635 408 δι’
683 351 750 409 οὗ
791 354 1007 408 στένειν
1039 354 1228 428 ἐκείνῳ
1259 356 1511 425 πάρεστι;
1550 356 1640 409 καὶ
1672 358 1804 425 βου-

111 447 278 498 κόλον
316 444 419 514 μὲν
447 453 627 511 μισῶν
666 445 766 497 οὐκ
806 443 876 497 ἂν
915 445 1016 513 τὴν
1055 447 1227 498 νόσον
1265 453 1360 513 τῆς
1399 444 1598 513 ἀγέλης
1637 443 1805 513 ἀπήλ-

113 531 262 601 λαξα,
300 533 479 605 τούτῳ
520 530 581 586 δὲ
621 531 873 601 ἐγκαλεῖν
905 531 1044 602 ἔχων
1078 531 1429 603 ἐξαιρήσομαι
1460 543 1571 588 τῶν
1603 535 1805 587 δεινῶν

111 623 208 676 τὸν
248 625 504 692 στρατόν;
560 622 645 675 92.
684 621 773 675 καὶ
814 623 896 685 τίς
935 622 1036 676 οὐκ
1076 619 1231 676 οἶδεν
1277 623 1351 685 ὡς
1398 623 1538 690 ὁμοῦ
1581 643 1640 676 τε
1679 624 1803 676 τού·
1851 646 1870 677 5

110 731 226 774 τοις
266 709 327 765 ἑν
363 713 614 764 καλλίονι
653 713 719 764 τά
757 712 1046 782 πράγματα
1084 708 1336 774 κάκεῖνος
1373 712 1549 780 ἡδίων
1587 710 1714 780 ἐμοί
1747 732 1804 765 τε

112 799 140 853 ὃ
179 803 354 868 μόνον
393 802 470 864 εἰς
508 803 777 871 τιμωρίαν
816 801 1141 866 ἀπόλλυται;
1183 803 1233 854 εἰ
1276 797 1378 868 μὲν
1415 802 1520 870 γὰρ
1569 797 1638 870 ἧν
1677 804 1806 864 τοὺς

110 890 212 957 μὲν
238 888 507 958 ’Ἕλληνας
546 892 754 959 σώζειν,
794 890 983 963 ἐκείνω
1024 891 1087 944 δὲ
1124 892 1197 960 μὴ
1246 893 1590 960 χαρίζεσθαι,
1636 909 1804 960 πονη-

111 988 231 1049 ροῖς
268 976 371 1048 μὲν
410 979 480 1032 ἂν
519 981 608 1033 καὶ
650 980 825 1042 οὕτως
872 979 1243 1050 ἐβοηθοῦμεν,
1292 985 1422 1043 ἴσως
1463 978 1510 1033 δ’
1558 979 1629 1032 ἂν
1674 980 1803 1033 ὑπε-

110 1067 367 1138 μένομεν·
431 1071 480 1122 εἰ
535 1066 595 1122 δὲ
641 1069 674 1137 ἡ
722 1070 937 1123 τούτων
992 1073 1234 1138 σωτηρία
1288 1070 1532 1139 φαιδρὸν
1586 1068 1801 1122 ἐκεῖνον
1826 1092 1869 1124 10

110 1167 274 1225 ποιεῖ,
306 1159 388 1221 τίς
414 1161 576 1226 λόγος
607 1158 678 1211 ἂν
709 1164 790 1227 εἴη
825 1160 1088 1226 δυσμενεῖ
1107 1159 1540 1229 παρασκευάζειν
1574 1159 1804 1229 ἡδονήνς

112 1247 197 1300 93.
245 1245 414 1300 οὐδὲν
475 1249 687 1315 δεινόν,
726 1246 1018 1316 Ὀδυσσεῦ,
1065 1249 1163 1301 τὸν
1209 1246 1450 1301 Ἀπόλλω
1497 1254 1805 1318 μιμεῖσθαι,

111 1334 338 1406 ἐσχάτης
391 1334 493 1406 μὲν
548 1333 651 1390 οὖν
706 1337 901 1407 ἀρετῆς
954 1346 1067 1390 τῶν
1128 1342 1283 1391 θεῶν
1344 1331 1485 1390 εἶναι
1550 1340 1803 1407 ζηλωτήν.

111 1424 318 1490 ἐκεῖνος
356 1425 495 1496 ὑπέρ
536 1446 592 1479 τε
630 1427 802 1480 αὑτοῦ
833 1425 924 1479 καὶ
956 1435 1056 1480 τοῦ
1088 1428 1403 1496 πρεσβύτου
1433 1427 1805 1497 παροξυνθεὶς

111 1516 304 1582 λοιμὸν
338 1515 590 1583 ἐμβαλὼν
622 1518 699 1579 εἰς
729 1517 828 1569 τὸν
856 1517 1093 1585 στρατὸν
1123 1524 1188 1586 τῇ
1221 1522 1414 1587 φθορᾷ
1443 1526 1556 1570 τῶν
1575 1514 1805 1587 Ἀχαιῶν
1828 1537 1870 1570 15

111 1603 327 1669 ἐκόλαζε
384 1605 483 1657 τὸν
536 1605 842 1675 ὑβρίσαντα
903 1608 1081 1658 καίτοι
1133 1614 1245 1659 τῶν
1292 1603 1574 1674 Ἑλλήνων
1626 1609 1805 1661 πολλὰ

109 1692 200 1747 καὶ
248 1695 620 1762 φιλάνθρωπα
673 1696 1052 1763 πεποιηκότων
1107 1695 1184 1757 εἰς
1230 1695 1330 1749 τὸν
1376 1696 1617 1765 Χρύσην.
1680 1693 1796 1749 ἀλλ’

112 1783 280 1852 ὅμως,
328 1781 516 1852 ἐπειδὴ
557 1785 616 1836 τὸ
658 1782 904 1847 ἐκείνους
943 1784 1291 1837 ἀναλοῦσθαι
1340 1786 1637 1855 συμφορὰν
1674 1782 1804 1855 ἔχον

231 1965 286 2004 16
316 1959 368 2004 Il.
402 1977 431 2003 α
465 1964 519 2002 22

231 2128 254 2167 1
289 2122 314 2167 ὃ
348 2125 457 2168 ante
487 2131 594 2176 τῶν,
626 2137 719 2168 non
751 2124 860 2168 ante
893 2123 1040 2180 φόνος
1071 2124 1207 2169 Lawr
1326 2130 1351 2167 2
1383 2132 1519 2169 τοῦτο
1551 2138 1627 2168 om
1654 2126 1744 2169 Ma

109 2190 275 2228 τοῦτον
302 2183 399 2228 Gan
427 2186 433 2238 Ι
460 2190 596 2227 τοῦτο
629 2185 737 2227 ante
771 2181 945 2228 στένειν
972 2185 1060 2228 Μα
1092 2184 1173 2228 sed
1204 2191 1287 2228 τοῦ
1317 2183 1393 2228 del
1425 2182 1498 2227 et*
1534 2198 1673 2240 supra
1705 2186 1802 2241 o(2)

110 2241 180 2285 m³
228 2242 235 2299 Ι
285 2242 507 2301 βουκόλος
540 2243 629 2287 Μα
661 2242 743 2286 sed
775 2261 798 2294 ς
829 2256 931 2287 corr
959 2242 1031 2286 m³
1173 2249 1198 2286 3
1231 2249 1313 2299 τῆς
1343 2241 1485 2288 νόσου
1516 2242 1602 2299 τὴν
1634 2241 1802 2300 ἀγέλην

113 2302 249 2346 ΜαΒ
277 2304 283 2358 Ι
311 2301 550 2357 ἀπήλλαξα
577 2304 667 2347 Μα
698 2302 779 2346 sed
812 2305 914 2359 α(3)
946 2302 995 2345 in
1027 2316 1104 2346 ras
1134 2302 1205 2346 m⁸
1266 2301 1482 2357 ἀπήλασα
1514 2303 1573 2346 Vi
1692 2307 1719 2345 4
1751 2300 1797 2346 δ’

113 2361 213 2405 Can
240 2366 246 2417 Ι
273 2361 355 2406 τὸν
388 2359 582 2416 στρατὸν
612 2369 703 2406 τῶν
737 2363 905 2406 δεινῶν
937 2363 1073 2407 Laur
1193 2367 1218 2406 ὅ
1251 2362 1395 2406 τούτω
1429 2362 1475 2404 Β
1596 2366 1622 2404 6
1655 2359 1803 2418 ἡδίων

111 2419 214 2464 Mor
245 2420 327 2463 sed
366 2437 421 2478 γρ
454 2419 615 2477 ἥδεται
646 2421 695 2464 in
727 2435 862 2478 marg
994 2426 1019 2464 9
1054 2419 1133 2488 αν]
1166 2420 1254 2477 γὰρ
1297 2423 1341 2466 V
1375 2423 1381 2478 Ι
1426 2419 1532 2471 ἴσως
1556 2447 1611 2454 -
1637 2420 1802 2477 ὑπεμέ-

111 2494 252 2535 νομεν
284 2493 358 2523 om
391 2481 527 2524 Laur
575 2482 581 2537 Ι
631 2479 917 2537 ὑπεμένομεν
950 2480 1116 2553 scripsi
1189 2479 1415 2536 ὑπέμεινα
1438 2481 1484 2524 Β
1557 2478 1803 2537 ὑπεμείνα-

111 2553 196 2594 μεν
232 2539 405 2594 reliqui
442 2539 548 2583 libri
587 2539 679 2583 edd
823 2543 878 2583 10
922 2537 968 2583 δ’
999 2542 1044 2585 Β
1190 2545 1240 2583 11
1288 2538 1358 2596 εἴη
1390 2540 1577 2596 reposui
1617 2553 1673 2584 ex
1705 2540 1809 2584 HV

113 2598 531 2643 LaViMaBLaur
592 2594 620 2657 ᾖ
654 2598 753 2644 Can
785 2599 875 2642 edd
1000 2604 1052 2642 13
1089 2606 1180 2643 τῶν
1212 2598 1387 2642 inserui
1419 2612 1475 2643 ex
1498 2599 1690 2644 HVMa
1721 2599 1803 2642 sed

110 2655 161 2699 in
202 2656 291 2701 hoo
334 2665 400 2702 ῶν
442 2672 498 2701 ex
540 2655 595 2702 ὸν
639 2671 740 2701 corr
781 2657 864 2713 m⁸‚
898 2659 1033 2703 Laur
1106 2655 1188 2702 τὸν
1230 2659 1288 2702 Vi
1361 2672 1436 2702 om
1479 2658 1650 2714 reliqui
1693 2657 1803 2701 libri

113 2715 203 2759 edd
241 2718 248 2771 Ι
289 2719 418 2761 θεῶν
452 2718 541 2761 Μα
573 2717 655 2760 sed
687 2723 752 2761 ῶν
783 2717 832 2760 in
864 2731 939 2761 ras
970 2717 1041 2761 m⁸
1099 2715 1218 2762 θεὸν
1260 2718 1318 2761 Vi
1439 2721 1494 2760 14
1527 2718 1671 2761 αὐτοῦ
1704 2718 1810 2762 HV

114 2775 359 2821 LaViC'an
407 2778 414 2831 1
463 2773 779 2834 πρεσβυτέρου
812 2777 918 2821 HV
1033 2782 1086 2821 16
1120 2775 1303 2829 ἐκόλαζε
1334 2777 1522 2832 reposui
1552 2789 1577 2820 e
1609 2775 1743 2820 libris

114 2831 302 2878 ἐκόλασε
334 2835 425 2879 edd
474 2839 482 2891 Ι
530 2832 776 2893 ὑβρίζοντα
809 2836 915 2881 HV
1043 2839 1096 2879 18
1127 2835 1178 2879 τὸ
1211 2832 1398 2887 κείνους
1430 2836 1506 2879 La
1566 2833 1804 2886 τόκείνους

122 2892 178 2936 Vi
205 2895 211 2948 Ι
238 2893 606 2939 ἀναλῶσθαιΜα
668 2894 880 2938 ἀλῶσθαι
913 2896 988 2940 La
1019 2895 1099 2939 sed
1133 2895 1226 2939 ἀνα
1257 2908 1456 2951 praepos
1487 2909 1518 2951 y
1588 2893 1801 2938 ἀλῶσθαι

123 2951 181 2994 Vi
205 2955 211 3007 1
240 2951 344 3009 ἔχον
377 2953 453 2997 La
485 2954 566 2997 sed
598 2969 640 2998 ει
671 2968 812 3010 supra
842 2970 867 2998 ο
898 2968 922 2999 8
982 2955 1101 3012 ἔχειν
1135 2955 1224 2998 Ma
1255 2953 1336 2998 sed
1369 2970 1434 2997 ων
1467 2967 1607 3009 supra
1639 2970 1708 2998 ειν
1732 2954 1803 2996 m⁸
