2054 3192
0 2002 9 2254 -ψ--ν-Μ--υ
0 1847 7 1986 -Ἴψψ-..ε-
0 1796 6 1830 ...v

612 126 693 170 DE
727 125 1013 171 SOCRATIS
1046 125 1321 170 SILENTIO
1706 126 1807 177 141

120 264 364 324 θάνατος
403 263 635 330 ὄρνιθος
665 269 952 331 μουσικοῦ.
993 258 1054 314 ἔα
1095 258 1155 314 δὲ
1189 260 1346 332 ᾅδειν
1376 261 1467 314 καὶ
1509 261 1611 329 τὴν
1648 259 1811 330 ἀηδό-

124 371 189 404 να
242 351 343 420 τὴν
398 346 649 420 Ἀττικὴν
701 349 788 403 καὶ
853 351 951 403 τὸν
1011 350 1233 403 κύκνον.
1304 348 1604 417 ὁμόδουλός
1659 348 1815 403 ἐστιν

120 438 346 493 ἐκείνων
399 440 724 510 Σωκράτης,
777 437 866 493 καὶ
924 434 1086 501 οὗτος
1128 435 1471 501 ’Λπόλλωνος
1523 438 1679 507 ἱερός.
1741 441 1811 491 σὺ

117 525 219 598 μὲν
259 527 476 592 ἀνεῖπές
513 546 663 598 ποτε,
702 525 744 582 ὦ
785 529 996 581 Πύθιε·
1046 535 1054 595 Ι
1104 527 1363 598 ἀνδρῶν
1406 526 1600 580 ἀποίν-
1633 532 1902 588 Morp.242

117 637 243 671 των
297 618 650 687 Σωκράτης
704 618 1096 686 σοφώτατος.
1168 615 1197 670 ὁ
1246 613 1306 668 δὲ
1354 615 1674 685 σοφώτατος
1726 634 1811 669 κε-
1859 637 1880 669 5

117 707 332 760 λεύεται
372 713 480 759 νῦν
519 705 742 776 ἀσόφως
781 705 1104 759 ἀποθανεῖν.

229 796 314 849 28.
362 793 655 864 Ἐγένοντό
706 813 839 848 ποτε
892 794 982 848 καὶ
1036 796 1309 864 πρότερον
1364 795 1545 847 ἄδικοι
1591 796 1810 863 κρίσεις.

115 882 273 948 ἔδοξέ
315 903 449 938 ποτε
493 883 585 938 καὶ
626 885 973 952 Παλαμήδην
1017 885 1116 937 τὸν
1163 884 1489 953 σοφώτατον
1533 892 1647 936 τῶν
1690 885 1813 936 τότε

111 971 393 1042 Ἑλλήνων
438 975 585 1043 παρὰ
626 974 786 1042 δίκην
834 973 1162 1041 ἀποθανεῖν,
1200 969 1343 1042 ἦσαν
1381 973 1486 1042 γὰρ
1525 971 1629 1025 κάν
1668 970 1809 1044 Ἰλίῳ

115 1063 262 1126 τινὲς
286 1060 505 1116 Ἄνυτοι
544 1061 635 1116 καὶ
674 1062 940 1132 Μέλητοι,
981 1060 1098 1116 ἀλλ’
1148 1059 1277 1115 οὐδὲ
1319 1061 1529 1124 ἐκεῖνος
1572 1062 1678 1130 πρὸ
1710 1068 1809 1114 τοῦ
1835 1082 1881 1114 10

114 1151 366 1205 θανάτου
407 1162 624 1205 σιωπᾶν
662 1151 958 1219 ἐκελεύετο,
997 1149 1115 1204 ἀλλ’
1162 1149 1288 1219 ἐξῆν
1321 1150 1468 1222 αὐτῷ
1506 1148 1598 1204 καὶ
1631 1149 1812 1218 λέγειν

115 1239 207 1294 καὶ
246 1241 502 1310 γράφειν,
540 1239 632 1294 καὶ
672 1242 887 1311 γράψας
927 1239 1014 1294 ἐπὶ
1053 1248 1154 1294 τοῦ
1194 1239 1366 1304 ξύλου
1404 1246 1504 1293 τοῦ
1544 1247 1811 1292 ναυτικοῦ

115 1331 216 1398 τὴν
256 1328 456 1383 ἑαυτοῦ
499 1331 672 1400 τύχην
717 1328 925 1400 ἔπεμψε
970 1335 1045 1402 τῷ
1086 1329 1285 1383 ἑαυτοῦ
1333 1329 1498 1399 πατρὶ
1535 1329 1809 1399 Ναυπλίῳ

114 1419 216 1487 τὴν
262 1416 628 1473 ἐπιθανατιον
676 1419 985 1487 ἐπιστολήν.
1063 1419 1151 1471 29.
1190 1418 1490 1488 Σωκράτης
1545 1417 1606 1470 δὲ
1650 1419 1811 1470 κακό-

115 1514 251 1576 ηθες
289 1505 392 1575 μὲν
431 1508 563 1562 οὐδὲ
602 1509 665 1562 ἓν
704 1509 836 1562 οὐδὲ
874 1508 1075 1578 πικρὸν
1122 1508 1325 1578 γράφει
1376 1505 1506 1560 οὐδὲ
1546 1519 1809 1574 μνησικα-
1835 1527 1879 1559 1⁵

116 1605 200 1650 κεῖ
222 1602 293 1670 τῷ
322 1598 675 1670 δικαστηρίω,
700 1597 838 1651 ἀλλὰ
861 1595 954 1650 καὶ
987 1598 1195 1667 χαίρων
1226 1593 1595 1667 ἀποθνήσκειΙ
1631 1601 1734 1645 Mor
1748 1616 1793 1657 p.
1813 1605 1901 1644 244

115 1686 205 1738 καὶ
252 1687 399 1756 παρὰ
452 1688 622 1749 θεοὺς
669 1685 890 1740 ἀπιέναι
938 1687 1207 1739 πείθεται.
1284 1686 1467 1755 ὥσπερ
1516 1685 1578 1738 δὲ
1627 1683 1688 1738 ἐν
1734 1690 1809 1756 τῷ

114 1776 219 1846 βίῳ
254 1774 447 1844 λέγων,
488 1776 632 1829 οὕτω
664 1775 754 1828 καὶ
786 1784 894 1829 νῦν
927 1775 987 1829 ἐν
1019 1778 1222 1842 λόγοις.
1275 1773 1366 1827 καὶ
1398 1775 1469 1843 μὴ
1502 1775 1811 1845 θαυμάσῃς.

117 1863 253 1932 αὕτη
307 1864 477 1933 φύσις
522 1874 634 1918 τῶν
682 1874 889 1934 σοφῶν.
968 1864 1069 1918 οὐκ
1118 1863 1470 1917 ἀπολείπεται
1519 1864 1580 1917 τὸ
1629 1865 1814 1933 σοφὸν

117 1952 300 2005 αὐτῶν
348 1951 467 2006 οὐδ’
513 1952 574 2007 ἐν
620 1962 740 2016 ταῖς
785 1957 1043 2023 χαλεπαῖς
1089 1954 1294 2022 τύχαις.
1374 1952 1460 2004 30.
1500 1952 1633 2006 οὐδὲ
1678 1953 1810 2022 μετὰ
1834 1975 1879 2006 20

115 2042 214 2094 τὸν
259 2042 509 2095 θάνατον
555 2041 588 2110 ἡ
634 2044 870 2111 μουσικὴ
912 2041 1114 2111 Ὀρφέα
1161 2042 1463 2094 κατέλιπεν.
1541 2041 1678 2094 ἀλλὰ
1717 2041 1809 2094 κά-

115 2140 303 2183 κεῖνον
341 2127 442 2197 μὲν
482 2131 788 2185 διέσπασαν
826 2132 882 2184 αἱ
927 2135 1168 2202 Θρᾷτται
1208 2141 1491 2199 γυναῖκες,
1533 2130 1714 2200 ὥσπερ
1755 2131 1807 2182 οὶ

238 2281 260 2319 1
297 2275 346 2320 cf
372 2276 432 2319 ad
463 2291 507 2333 p.
536 2281 635 2332 115,
654 2280 679 2320 9
803 2282 827 2320 2
864 2277 982 2320 Plat.
1016 2276 1193 2321 Phaed.
1223 2292 1268 2334 p,
1293 2276 1403 2320 85B
1525 2281 1552 2318 4
1592 2276 1725 2333 Diog.
1759 2276 1807 2320 L.

116 2334 223 2388 115,
251 2340 319 2389 18,
353 2340 407 2379 37
550 2340 574 2379 9
609 2351 675 2393 sq.
708 2336 815 2380 Eur.
850 2336 1024 2380 Palam.
1058 2336 1113 2381 fr.
1148 2340 1233 2381 578
1259 2335 1423 2391 sq.N2.
1456 2335 1596 2379 Arist.
1624 2335 1806 2380 Thesm.

120 2397 203 2438 770
222 2408 260 2438 c.
287 2394 427 2439 schol.
553 2400 607 2440 14
640 2395 690 2439 ef
715 2397 748 2440 t.
775 2395 840 2439 IV
872 2400 974 2451 588,
992 2400 1045 2439 26
1064 2396 1106 2439 R
1227 2400 1280 2437 22
1316 2395 1366 2439 cf
1391 2410 1435 2451 p.
1465 2399 1564 2449 119,
1584 2399 1636 2438 13
1655 2409 1720 2450 sq.

237 2532 261 2570 2
287 2527 406 2571 κατὰ
440 2529 527 2571 Μα
650 2533 675 2571 5
709 2529 978 2586 σοφώτατος
1009 2528 1174 2586 scripsi
1207 2542 1231 2572 e
1260 2531 1346 2572 Ma
1409 2527 1670 2583 σοφώτερος
1704 2529 1808 2573 ΜΒ

117 2585 218 2630 Mor
362 2591 384 2629 7
426 2586 641 2643 ἐγένοντο
680 2588 760 2632 καὶ
799 2586 1026 2643 πρότερόν
1065 2604 1176 2632 ποτε
1195 2590 1233 2644 (ε
1264 2588 1314 2630 in
1353 2601 1429 2631 ras
1461 2586 1546 2643 m')
1580 2589 1668 2631 Ma

118 2648 144 2687 8
175 2660 288 2690 ποτε
318 2645 494 2690 inserui
526 2660 551 2691 e
584 2647 674 2691 Ma
735 2660 810 2690 om
845 2649 948 2692 ΜΒ
981 2647 1084 2692 Mor
1109 2649 1114 2705 Ι
1142 2654 1233 2692 τῶν
1261 2649 1349 2691 Ma
1374 2647 1454 2690 sed
1481 2663 1545 2690 ων
1568 2646 1616 2689 in
1641 2661 1715 2690 ras
1740 2645 1810 2689 m'

118 2707 143 2746 9
169 2703 259 2748 κάν
292 2705 455 2761 scripsi
518 2706 569 2751 ἐν
599 2705 708 2750 libri
733 2706 835 2749 Mor
928 2711 985 2750 13
1012 2706 1156 2764 τύχην
1181 2706 1230 2749 in
1253 2719 1329 2749 ras
1358 2705 1468 2750 Ma'
1552 2711 1606 2748 14
1640 2705 1807 2749 ἐπιθα·

117 2761 301 2808 λάττιον
329 2765 418 2808 Μα
444 2767 450 2820 Ι
478 2766 557 2809 καὶ
585 2767 693 2821 post
717 2766 767 2810 δὲ
794 2767 883 2810 Μα
1014 2770 1066 2808 16
1108 2765 1220 2809 ἀλλὰ
1255 2779 1328 2809 om
1361 2766 1406 2809 B
1538 2769 1590 2807 17
1626 2763 1807 2809 ἐπιέναι

121 2822 210 2866 Ma
235 2824 243 2878 Ι
268 2820 485 2867 πείθεται
510 2824 600 2869 Μα
625 2825 706 2868 sed
738 2827 854 2868 πειθ
876 2824 925 2867 in
949 2837 1026 2868 ras
1050 2824 1119 2868 m²
1146 2827 1152 2880 Ι
1180 2828 1243 2883 τῷ
1270 2839 1344 2868 om
1370 2824 1460 2868 Ma
1518 2846 1521 2847 ⁷
1583 2827 1637 2867 18
1662 2821 1811 2874 οὕτως

119 2879 205 2925 Μα
239 2882 245 2937 Ι
283 2888 379 2927 νῦν
402 2896 478 2926 om
509 2885 572 2927 M
690 2887 743 2926 19
775 2883 827 2927 τὸ
857 2897 930 2927 om
959 2885 1050 2928 Ma
1168 2888 1227 2927 20
1258 2884 1401 2927 αὐτὸν
1431 2884 1517 2927 Μα
1639 2887 1691 2925 21
1724 2883 1810 2926 τὸν

119 2951 195 2982 om
219 2941 308 2984 Ma
429 2946 482 2984 22
516 2941 739 2995 θράττιαι
763 2942 808 2985 Β
869 2940 1070 2997 θρακίαι
1096 2944 1184 2987 Ma
