2026 3192
0 2103 9 2319 -.-.—----
0 2026 4 2093 -Νη
0 1950 5 1981 r„
0 1913 3 1923 -
0 1883 4 1899 .,
0 1803 5 1868 -.-,-.
0 1770 3 1784 ἡ
0 1674 5 1693 ν

736 110 1007 155 NEPTUNI
1038 109 1216 155 ACTIO
1710 109 1819 161 423

129 245 189 301 δὲ
228 254 328 301 τοῦ
355 245 597 316 ’Ἑρωτος
637 248 878 316 δύναμιν
917 247 990 309 ὡς
1029 247 1234 316 ἄμαχος
1267 245 1295 298 6
1334 247 1484 313 θεός,
1524 246 1596 308 ὡς
1635 245 1821 313 ἀνίκη-

127 357 237 404 τος,
263 337 335 399 ὡς
359 337 566 399 πάντας
598 336 770 390 αὑτοῦ
802 345 979 389 ποιῶν
1013 333 1463 402 ἀσθενεστέρους,
1495 335 1576 396 τίς
1609 333 1800 402 ἀγνοεῖ
1808 356 1820 397 ;

128 426 188 488 ὅς
226 445 287 494 γε
329 430 453 479 ἴσον
493 426 725 478 δύναται
776 425 912 477 κατὰ
952 423 1269 493 ἀνθρώπων
1314 421 1404 476 καὶ
1451 428 1617 476 θεῶν.
1665 428 1822 489 ἴσμεν

130 512 190 567 δὲ
223 515 345 568 ὅσοι
378 514 720 584 ἠράσθημεν,
754 513 810 567 οἵ
838 533 895 566 τε
928 515 1085 566 ἄλλοι
1121 511 1211 565 καὶ
1245 511 1273 565 ὁ
1305 522 1610 582 κορυφαῖος
1642 512 1822 577 αὐτός,

129 602 267 674 [καὶ]
309 604 393 657 ὅτι
433 623 494 671 γε
538 612 650 655 τῶν
689 603 1004 672 ἀνθρώπων
1045 603 1304 671 ἄρχοντες
1341 599 1436 653 ὑπ’
1483 601 1654 654 αὐτοῦ
1702 599 1818 670 μετ’
1869 621 1888 654 5

128 693 312 746 αὐτῶν
346 697 352 755 Ι
389 692 670 761 ἀρχόμεθα
694 689 784 744 καὶ
811 691 912 744 οὐκ
937 689 1315 759 ἀντιτείνομεν
1339 686 1470 743 οὐδὲ
1500 688 1640 741 ὅπλα
1687 694 1910 738 R1V405

128 782 528 851 ἀνταιρόμεθα,
580 778 696 834 ἀλλ’
746 780 774 834 ὁ
823 779 1115 847 δεξάμενος
1161 784 1273 831 τῶν
1323 780 1503 846 βελῶν
1550 776 1636 847 ἐφ’
1690 778 1821 847 ὅπερ

128 870 198 924 ἂν
235 869 328 923 ὑπ’
375 870 548 924 αὐτοῦ
579 874 785 940 κινηθῇ
818 869 1034 935 κάλλος,
1075 866 1163 921 ἐπὶ
1201 875 1366 921 τοῦτο
1400 866 1637 936 φέρεται.
1678 867 1822 920 οὕτω

129 957 189 1013 δὲ
232 965 388 1026 ἴσμεν
427 959 598 1012 αὐτοῦ
637 966 733 1027 τῆς
772 959 1098 1020 δυναστείας
1137 958 1197 1010 τὸ
1229 956 1468 1026 μέγεθος
1498 956 1586 1009 καὶ
1621 957 1693 1018 ὡς
1725 957 1824 1009 τὸν

129 1048 332 1102 ἁλόντα
375 1049 554 1101 πάντα
601 1047 809 1116 ἀνάγκη
858 1056 1063 1114 ποιεῖν,
1115 1047 1253 1100 ὥστε
1299 1044 1391 1099 καὶ
1441 1045 1643 1114 ὀμόσας
1691 1045 1823 1115 ε’ρᾶν
1849 1069 1892 1101 10
1959 1063 1963 1066 ·

130 1139 381 1206 παραβὰς
420 1140 519 1190 τὸν
559 1137 729 1206 ὅρκον
768 1137 929 1205 δίκην
969 1136 1034 1190 οὐ
1069 1136 1318 1202 δίδωσιν,
1358 1135 1496 1188 ἀλλὰ
1526 1132 1616 1188 καὶ
1649 1135 1824 1206 τούτῳ

128 1230 405 1296 τετίμηται
437 1227 503 1279 τὰ
536 1224 783 1295 ἐρωτικά.
832 1225 914 1278 10.
939 1223 1030 1278 καὶ
1055 1228 1113 1278 τί
1133 1226 1221 1278 δεῖ
1248 1226 1419 1278 τᾶλλα
1452 1223 1654 1294 λέγειν;
1695 1221 1826 1278 οὐδὲ

130 1317 234 1386 γὰρ
276 1315 439 1378 αὐτὸς
478 1316 549 1368 σύ
588 1334 649 1382 γε
697 1316 1076 1383 δυνατώτερος
1122 1310 1173 1367 εἷ
1217 1313 1351 1382 ἡμῖν
1391 1314 1418 1367 ὁ
1460 1312 1684 1382 ὁπλίτης
1725 1320 1825 1367 τοῦ

128 1403 370 1469 τοξότου.
414 1405 480 1457 οὐ
512 1404 783 1473 βούλομαι
815 1405 994 1456 πάντα
1027 1403 1267 1473 ἀκριβῶς
1301 1402 1563 1467 ἐξετάζειν
1596 1402 1698 1455 ὅσα
1738 1417 1827 1454 σοι

131 1496 222 1548 διὰ
261 1491 484 1547 τουτονὶ
525 1492 827 1562 πέπρακται
874 1494 972 1546 τὸν
1018 1495 1180 1559 θεόν,
1230 1492 1290 1545 ἐν
1338 1483 1420 1554 οἷς
1467 1491 1582 1544 ἐστι
1629 1489 1719 1543 καὶ
1759 1490 1824 1543 τὰ
1850 1513 1891 1546 15

128 1584 267 1652 πρὸς
306 1584 407 1652 τὴν
447 1581 736 1650 Ἀλκίππης
775 1579 1002 1650 ταυτησὶ
1042 1580 1264 1651 μητέρα,
1303 1581 1394 1633 καὶ
1428 1581 1530 1634 οὐκ
1563 1579 1825 1644 ὀνειδίζω.

128 1671 294 1741 μέγας
342 1673 445 1740 γὰρ
494 1671 522 1725 ὁ
571 1673 728 1739 θεός,
786 1670 952 1740 μέγας
1002 1671 1062 1723 ἐν
1109 1671 1277 1723 ἅπασι
1325 1669 1531 1738 γένεσι,
1590 1670 1679 1722 καὶ
1728 1667 1827 1738 ἐμὴ

251 1795 271 1830 1
309 1786 447 1844 Soph.
483 1790 589 1831 Ant.
619 1792 700 1831 781
735 1789 782 1831 σὺ
814 1791 900 1831 800
1023 1793 1048 1831 3
1080 1787 1189 1831 Hcs.
1221 1787 1378 1844 bheog.
1407 1791 1504 1830 121.
1545 1785 1634 1842 Sop
1638 1785 1683 1829 h.
1718 1785 1826 1827 Ant.

133 1851 215 1891 787
363 1852 385 1890 ‘1
428 1847 485 1891 cf.
519 1847 725 1901 t.1162
744 1852 798 1890 22
947 1851 1000 1890 16
1040 1846 1308 1920 Aglaurum
1332 1846 1390 1890 cf.
1423 1845 1680 1919 [Apollod.]
1714 1843 1826 1888 bibl.

130 1907 194 1950 III
227 1912 294 1961 14,
314 1911 352 1949 2.
387 1906 571 1950 Hellan.
605 1907 660 1951 fr.
687 1911 741 1950 69
776 1906 901 1963 apud
935 1905 1129 1950 Suidam
1161 1921 1194 1950 s.
1220 1921 1262 1950 v.
1287 1903 1454 1960 Ἄρειος
1484 1903 1634 1961 πάγος

252 2015 273 2054 1
310 2009 361 2054 δὲ
394 2024 469 2053 om
500 2010 656 2067 Lacap
706 2013 712 2066 Ι
764 2010 907 2067 φύσιν
941 2010 1095 2067 Lacap
1242 2014 1266 2052 2
1301 2009 1445 2053 αὑτοῦ
1479 2008 1644 2065 scripsi
1676 2021 1700 2052 c
1728 2009 1764 2053 Ο

131 2071 276 2114 αὐτοῦ
305 2069 474 2126 reliqui
499 2069 607 2113 libri
633 2070 723 2113 edd
847 2074 872 2112 3
906 2069 1009 2114 ἴσον
1035 2069 1199 2126 scripsi
1263 2065 1362 2112 ἴσον
1395 2068 1503 2111 lib1i
1534 2068 1626 2112 edd
1653 2070 1658 2124 Ι
1686 2071 1828 2122 θεῶν,

131 2128 274 2186 ἴσμεν.
309 2128 439 2185 ἴσμεν
473 2128 523 2174 δὲ
556 2129 660 2173 coni
686 2129 752 2173 Re
875 2134 900 2172 4
935 2126 1035 2173 ὅσοι
1067 2127 1232 2185 scripsi
1295 2126 1379 2172 ὅσα
1404 2127 1644 2172 HCMaCl
1675 2127 1829 2171 sedin

131 2187 267 2232 hoc
245 2204 267 2232 ο
293 2188 342 2231 in
374 2202 448 2232 ras
479 2187 550 2231 m*
611 2189 688 2233 καὶ
717 2186 801 2232 ὅσα
827 2189 886 2233 Vi
896 2189 1012 2233 VaB
1045 2188 1136 2232 cdd
1197 2187 1274 2232 καὶ
1303 2185 1401 2231 ὅσοι
1425 2186 1587 2230 Iacobs
1612 2186 1718 2230 Add
1744 2190 1828 2230 349

251 2253 276 2291 5
309 2248 388 2291 καὶ
422 2247 682 2292 cancellavi
717 2248 723 2304 Ι
762 2245 1026 2292 ὑπἀὐτοῦ
1067 2247 1230 2304 Scripsi
1265 2260 1289 2290 e
1323 2247 1657 2291 ViVaBMaCl
1695 2247 1742 2289 et
1773 2263 1827 2302 γρ

131 2307 181 2350 in
221 2321 355 2364 marg
386 2306 488 2350 Mor
563 2307 653 2350 ὑπὸ
685 2307 854 2351 τούτου
878 2307 973 2353 ΗΟ
1000 2307 1091 2351 edd
1237 2311 1260 2349 7
1296 2303 1617 2361 ἀνταιρόμεθα
1648 2306 1714 2349 Va
1746 2305 1828 2349 sed

132 2383 239 2422 αιρο
271 2367 320 2409 in
351 2380 427 2410 ras
460 2365 528 2409 m²
570 2369 576 2422 Ι
619 2368 742 2423 „leyo
773 2373 864 2410 τῶν
895 2383 939 2409 τι
973 2367 1146 2423 βελῶν“
1179 2365 1246 2408 Re
1319 2364 1621 2421 praetulerim
1656 2364 1704 2408 ἓν
1735 2371 1828 2408 τῶν

133 2426 278 2497 βελῶν
400 2432 424 2468 9
453 2425 536 2470 τὸν
563 2452 613 2457 -
644 2430 697 2469 12
725 2425 919 2480 ἐρωτικά
945 2425 1062 2470 citat
1084 2424 1352 2498 praemisso
1365 2423 1504 2468 titulo
1537 2431 1618 2481 τῆς
1646 2421 1830 2480 μελέτης

134 2477 233 2528 ἐν
211 2503 238 2544 ῃ
263 2483 498 2537 δικάζεται
529 2487 759 2529 ποσειδῶν
792 2485 906 2538 ὑπὲρ
940 2483 1085 2539 ἀλιρρ
1090 2482 1216 2528 θίου
1248 2482 1389 2539 μελέτ.
1416 2498 1472 2532 κς
1501 2483 1731 2527 Macarius
1764 2482 1830 2527 fol

133 2548 209 2588 85¹¹
346 2548 401 2587 10
435 2543 567 2598 ἔρωτι
601 2545 710 2587 ante
741 2541 915 2587 ἁλόντα
947 2543 1106 2587 Macar
1134 2547 1138 2597 Ι
1169 2542 1192 2586 6
1227 2548 1335 2586 ante
1373 2542 1546 2600 ὀμόσας
1587 2543 1655 2586 Va
1682 2543 1688 2599 Ι
1717 2542 1830 2596 ἐρᾶν

134 2602 296 2659 scripsi
359 2603 478 2658 ἐρῶν
506 2602 616 2646 libri
640 2603 801 2646 Macar
825 2603 914 2646 edd
1040 2608 1090 2646 11
1126 2602 1226 2660 καὶ]
1251 2600 1370 2658 λέγει
1395 2603 1439 2646 Β
1565 2607 1616 2644 12
1650 2602 1730 2645 καὶ
1754 2614 1830 2644 om

134 2663 291 2707 HGVi
328 2664 335 2718 1
376 2661 515 2705 τᾶλλα
549 2662 619 2706 Va
650 2658 731 2705 sed
764 2664 874 2705 ante
907 2663 954 2705 et
984 2665 1092 2718 post
1125 2678 1148 2704 τ
1179 2675 1254 2704 ras
1288 2666 1313 2705 3
1346 2660 1425 2704 litt
1485 2656 1626 2704 τᾶλλα
1661 2661 1712 2705 Ol
1771 2659 1830 2704 τὰ

134 2720 248 2764 ἄλλα
288 2721 348 2765 Vi
479 2725 533 2763 13
566 2718 593 2776 ἢ
622 2721 712 2766 ΗΟ
776 2716 804 2776 ἦ
842 2721 896 2765 Vi
923 2723 929 2777 Ι
958 2721 1086 2775 ἡμεῖς
1112 2721 1213 2765 GVi
1241 2724 1245 2774 Ι
1275 2719 1299 2764 6
1332 2734 1407 2764 om
1441 2720 1479 2764 Ο
1609 2724 1661 2762 14
1692 2717 1829 2772 τόξου

134 2780 226 2824 ΗΟ
346 2783 400 2823 15
432 2779 617 2824 τουτονὶ
649 2779 814 2835 scripsi
839 2793 895 2824 ex
922 2779 1274 2824 HCViBMaCl
1332 2786 1514 2823 τοῦτον
1525 2779 1594 2822 Va
1620 2778 1711 2822 edd

136 2842 190 2881 16
224 2836 460 2895 ἀλκίππην
493 2839 551 2882 Vi
586 2842 591 2891 Ι
635 2839 690 2882 οὐ
716 2839 808 2884 ΗΟ
866 2853 941 2882 om
977 2839 1032 2881 Vi
1073 2843 1079 2893 l
1123 2834 1331 2890 ὀνειδίζω
1358 2864 1412 2870 -
1438 2843 1539 2889 421
1559 2842 1581 2880 1
1615 2835 1828 2881 θάλαττα

135 2911 212 2940 om
243 2898 398 2942 HOVi
542 2902 593 2940 17
636 2896 778 2963 μέγας
802 2923 856 2930 -
882 2896 996 2949 θεός
1034 2911 1110 2941 om
1141 2897 1244 2940 Mor
1291 2899 1298 2953 Ι
1348 2896 1448 2953 ἐμοὶ
1490 2897 1557 2941 Va
1596 2896 1664 2940 Re
1704 2895 1830 2951 quod

136 2956 334 3007 correxit.
364 2970 390 3001 e
420 2956 524 3001 Par.
551 2960 664 3007 3017
691 2955 976 3001 Bcissonade
1000 2956 1174 3000 Anecd.
1191 2955 1234 3000 V
1251 2961 1334 2999 241
1371 2914 1509 3012 μἐμοῦ
1542 2955 1647 2999 coni
1672 2954 1829 2999 Gasda
