2026 3192
1033 623 1179 681 VIII.

642 745 737 800 Ἐκ
783 754 897 800 τοῦ
947 745 1251 800 ἐναντίου
1300 747 1328 800 ὁ
1364 746 1564 818 ’Ἁρης.

170 883 287 927 RIV
306 890 391 929 410
555 881 599 933 1.
644 880 918 949 Άκηκόατε
958 877 1060 950 μὲν
1100 881 1380 950 λοιδορίας
1417 883 1627 947 μᾶλλον
1658 879 1691 948 ἢ
1721 898 1948 948 κατηγο-

257 973 395 1039 ρίας,
436 967 478 1023 ὦ
519 973 663 1038 θεοί,
701 972 880 1023 καίτοι
918 967 1009 1023 καὶ
1047 969 1189 1037 ὑμᾶς
1228 969 1466 1038 ἡγοῦμαι
1506 967 1656 1037 δεῦρ’
1694 968 1851 1037 ἥκειν
1881 968 1948 1021 οὐ

255 1067 427 1112 ταῦτα
465 1057 809 1126 ἐλπίσαντας,
848 1059 932 1111 ὅτι
972 1060 1266 1111 Ποσειδῶν
1306 1058 1333 1112 ὁ
1374 1057 1541 1127 μέγας
1579 1056 1770 1111 οὑτοσὶ
1801 1059 1949 1110 πλεί-

211 1167 232 1199 5
257 1162 346 1201 οσι
384 1150 758 1217 βλασφημίαις
796 1147 829 1216 ἢ
869 1146 993 1216 περὶ
1035 1143 1113 1200 ὧν
1152 1147 1311 1216 ἔλαχέ
1347 1167 1441 1215 μοι
1479 1148 1581 1215 τὴν
1620 1148 1783 1216 δίκην
1821 1150 1947 1216 χρή-

256 1251 407 1290 σεται
446 1240 646 1305 λόγοις.
701 1237 729 1291 ὁ
771 1235 819 1289 δ’
867 1237 1042 1299 οὕτως
1094 1237 1227 1290 αὐτὸ
1274 1237 1421 1289 πάνυ
1468 1239 1763 1304 πεποίηκεν
1811 1237 1948 1289 ὥστε

254 1325 344 1379 καὶ
379 1329 710 1395 προσίστατο
744 1327 804 1379 τὸ
838 1328 1171 1396 γιγνόμενον
1201 1325 1353 1392 ὑμῖν,
1391 1324 1650 1396 ᾐσθόμην
1681 1326 1800 1395 γάρ.
1842 1325 1971 1394 ἐγὼ·

255 1414 315 1468 δὲ
356 1416 422 1469 οὐ
464 1415 667 1468 ταύτὸν
705 1417 915 1484 ποιήσω
956 1415 1094 1485 πρὸς
1133 1422 1346 1467 τοῦτον.
1396 1415 1604 1467 ἄτοπον
1650 1415 1779 1483 γάρ,
1827 1415 1874 1467 εἰ
1915 1413 1947 1466 ἃ

253 1507 325 1575 μὴ
360 1488 541 1567 καλῶς
581 1507 900 1573 πεπρᾶχθαί
945 1523 1085 1572 φημι
1131 1506 1447 1572 μιμήσομαι.
1496 1501 1612 1556 ἀλλ’
1660 1503 1791 1572 ὅπερ
1834 1501 1946 1555 ἐστὶ

187 1613 230 1645 10
253 1592 344 1647 καὶ
385 1594 602 1647 δίκαιον
641 1592 732 1646 καὶ
771 1599 887 1664 θεῷ
927 1592 1157 1662 πρέπον,
1195 1592 1524 1662 πειράσομαι
1564 1591 1736 1656 δεῖξαι
1774 1589 1948 1660 μηδὲν

252 1683 550 1751 ἠδικηκότα
603 1681 865 1750 ἐμαυτόν,
924 1686 1102 1743 καλῶς
1157 1678 1218 1734 δὲ
1274 1680 1306 1734 ἃ
1357 1680 1595 1749 δέδρακα
1650 1681 1944 1750 δράσαντα.

252 1772 377 1842 περὶ
417 1770 477 1825 δε
517 1772 735 1839 τούτου,
775 1791 879 1824 καν
918 1766 953 1842 ᾗ
991 1790 1086 1838 μοι
1125 1790 1177 1823 τι
1223 1771 1424 1840 πικρὸν
1463 1768 1562 1833 ἔξω
1595 1776 1695 1823 τοῦ
1735 1769 1946 1837 ἀγῶνος

252 1861 443 1929 εἰπεῖν,
484 1864 759 1929 φείσομαι.

373 2025 396 2064 7
431 2019 559 2064 Dem.
592 2036 638 2077 p.
671 2024 875 2076 1363,16
904 2022 911 2077 ι
939 2021 998 2064 cf.
1029 2036 1073 2078 p.
1100 2025 1200 2075 427,
1222 2024 1275 2064 18

371 2173 394 2212 1
427 2168 609 2226 Μελέτη
641 2169 749 2212 ante
776 2165 860 2212 Ἐκ
893 2169 961 2213 Re
1023 2168 1175 2213 delevi
1202 2171 1208 2224 Ι
1237 2169 1286 2214 ἐκ
1312 2194 1366 2200 -
1392 2167 1508 2224 ἅρης
1542 2168 1591 2211 in
1621 2182 1756 2226 marg
1779 2170 1837 2213 H
1862 2168 1940 2213 de-

252 2227 532 2272 clamatione
562 2228 667 2285 ipsa
699 2228 1053 2271 antecedentem
1084 2228 1239 2272 media
1271 2227 1320 2271 in
1344 2227 1469 2271 linea
1495 2227 1752 2284 excipiente
1781 2230 1787 2284 Ι
1817 2227 1840 2272 ὁ
1866 2242 1942 2272 om

251 2287 308 2331 Η
423 2291 447 2330 3
481 2287 561 2331 καὶ
592 2301 668 2331 om
700 2288 755 2332 Η
763 2288 979 2332 VaMaCl
1098 2291 1125 2330 4
1158 2285 1427 2337 ἐλπίσαντος
1458 2287 1512 2330 Η
1542 2290 1547 2341 Ι
1591 2288 1820 2331 ποσειδὼν
1852 2286 1946 2331 ΗΟ

260 2346 375 2391 VaB
407 2346 475 2390 Re
618 2350 644 2389 5
676 2363 755 2403 μοι
789 2346 843 2390 Ol
873 2347 953 2389 sed
986 2362 1029 2390 οι
1062 2346 1111 2389 in
1141 2359 1216 2390 ras
1248 2345 1318 2390 m²
1461 2350 1486 2389 6
1521 2343 1594 2390 οδ’
1631 2347 1897 2391 HViMaCl
1931 2347 1934 2404 Ι

250 2405 403 2450 αὐτῶν
435 2407 492 2450 Η
632 2410 655 2448 7
686 2403 964 2460 προσίστατο
997 2404 1161 2461 scripsi
1195 2407 1381 2449 auctore
1413 2405 1480 2449 Re
1547 2404 1797 2460 προίστατο
1829 2404 1939 2449 libri

250 2464 332 2507 sed
370 2481 421 2509 το
460 2465 510 2508 in
549 2479 623 2508 ras
659 2465 790 2515 Ma',
832 2465 922 2508 edd
998 2463 1223 2520 προσέστη
1263 2463 1581 2520 Wyttenbach
1624 2477 1694 2520 ep.
1737 2464 1837 2508 crit.
1877 2465 1937 2508 ad

249 2522 433 2567 Ruhnk.
475 2523 656 2580 (Iulian.
689 2524 738 2566 in
779 2523 1017 2568 Constant.
1060 2538 1122 2567 or.
1157 2525 1227 2567 ed.
1263 2523 1481 2567 Schaefer
1517 2539 1561 2580 p.
1589 2525 1691 2580 274)
1735 2523 1792 2567 cf.
1827 2523 1939 2568 Bast

249 2580 386 2639 Greg.
421 2581 519 2627 Cor.
553 2597 597 2639 p.
625 2587 678 2626 41
714 2583 785 2628 ed.
820 2582 1039 2626 Schaefer
1080 2585 1086 2638 Ι
1129 2589 1221 2626 τῶν
1254 2581 1509 2639 γινομένων
1552 2584 1619 2627 Va
1651 2583 1733 2626 sed
1764 2590 1855 2627 τῶν
1886 2583 1935 2625 in

249 2655 322 2684 ras
363 2643 410 2685 et
450 2640 626 2697 ομένων
667 2655 722 2685 ex
763 2641 930 2697 όμενον
962 2655 1064 2685 corr
1094 2641 1164 2684 m²
1223 2641 1469 2710 γινόμενον
1504 2642 1554 2686 Oc
1588 2644 1594 2698 Ι
1629 2641 1764 2714 ἡμῖν
1773 2643 1817 2686 Β

250 2705 274 2743 9
307 2699 595 2757 μεμνήσομαι
636 2702 703 2745 Va
734 2701 815 2744 sed
878 2699 915 2755 ρ’
943 2699 1195 2757 μιαησομαι
1225 2701 1275 2743 in
1306 2714 1439 2758 marg
1461 2700 1531 2743 ms
1653 2705 1706 2743 12
1792 2717 1870 2757 μοι
1891 2717 1936 2744 τι

249 2759 413 2834 scripsi
445 2774 469 2803 e
511 2760 580 2803 Va
641 2754 667 2815 ἦ
701 2776 778 2815 μοι
808 2776 852 2803 τι
886 2760 1023 2804 ΒΜα
1054 2760 1135 2803 sed
1166 2760 1216 2803 in
1247 2759 1372 2803 hoc'
1397 2760 1488 2803 add
1520 2759 1614 2814 m²‚‘
1637 2759 1688 2804 Ol
1748 2776 1793 2832 η
1809 2776 1852 2803 τι
1877 2759 1936 2802 Vi

309 2818 424 2862 εἴτι
456 2819 549 2863 HC
577 2824 624 2862 et
654 2836 708 2875 γρ
741 2819 790 2862 in
821 2832 956 2875 marg
987 2818 1089 2862 Mor
1120 2819 1211 2862 edd
1240 2821 1245 2874 Ι
1273 2819 1438 2875 μικρὸν
1471 2820 1559 2863 Μα
1681 2823 1735 2861 13
1766 2813 1795 2876 ᾗ
1827 2820 1935 2875 post

249 2877 396 2979 εἰπέεῑν
431 2878 533 2923 01⁷2·
564 2879 611 2920 et
642 2894 697 2934 γρ
736 2877 785 2920 in
825 2891 957 2934 marg
987 2877 1100 2930 Mor,
1133 2873 1162 2936 ᾖ
1196 2894 1274 2933 μοι
1312 2878 1402 2921 edd
1473 2876 1622 2921 delevi
1672 2879 1677 2933 Ι
1728 2878 1784 2921 οὐ
1824 2879 1933 2921 ante

249 2950 308 2990 φε
331 2949 469 2991 σομαι
500 2938 545 2980 Β
