2026 3192
907 612 1023 666 XII.

238 738 549 785 Declamatio
580 736 820 798 inscripta
865 736 1060 799 Τίμων
1093 735 1239 803 ἐρῶν
1267 731 1641 801 Ἀλκιβιάδου
1681 736 1813 787 ἑαυ-

120 811 222 862 τὸν
254 809 678 877 προσαγγέλλει
711 825 810 872 qua
841 811 1018 859 Timon
1049 811 1135 859 ille
1167 812 1544 874 misanthropus
1576 829 1606 860 a
1637 815 1815 861 senatu

122 885 500 934 Atheniensium
527 878 610 951 (cf.
634 901 681 947 p.
708 886 895 946 535‚2;
931 886 1157 948 537‚1o3
1191 881 1418 951 559‚11)
1444 886 1585 949 petit,
1612 889 1666 934 ut
1690 903 1813 949 quo-

122 961 261 1008 niam
286 961 339 1007 in
363 959 635 1007 Alcibiadis
660 975 875 1007 amorem
907 960 1153 1022 inciderit,
1184 961 1362 1022 capitis
1394 961 1657 1008 damnetur
1686 976 1813 1010 mor-

120 1036 270 1096 teque
298 1034 394 1082 sibi
432 1034 537 1096 ipse
570 1037 794 1082 constare
826 1028 1102 1101 cogatur1)‚
1134 1050 1437 1096 quamquam
1467 1034 1519 1082 in
1551 1036 1814 1085 nonnullas

123 1109 321 1172 eclogas
337 1111 537 1169 recepta
554 1111 642 1167 est,
654 1111 822 1155 tamen
839 1124 938 1156 non
955 1110 1032 1156 tot
1043 1110 1262 1156 virorum
1278 1109 1535 1157 doctorum
1551 1103 1813 1176 gratiam²)

121 1183 239 1231 iniit
264 1184 386 1244 quot
410 1185 671 1244 exspectes.
706 1181 941 1230 Codicum
964 1183 1119 1246 igitur
1143 1182 1320 1244 quibus
1344 1183 1407 1230 ad
1432 1185 1653 1231 nostram
1678 1187 1814 1232 aeta-

121 1260 225 1305 tem
255 1257 482 1319 pervenit
512 1272 762 1316 numerus,
787 1257 830 1305 si
861 1272 972 1304 eum
1003 1258 1231 1304 Troianis
1257 1257 1606 1319 nonnullisque
1638 1259 1814 1307 ethicis

123 1331 567 1379 declamationibus
592 1332 924 1393 comparatur,
949 1347 1133 1393 parvus
1158 1333 1245 1378 est.
1298 1331 1427 1379 Sunt
1451 1335 1619 1379 autem
1642 1332 1697 1379 hi
1722 1334 1814 1380 24:

245 1490 287 1544 1>
336 1487 525 1530 Summa
572 1487 836 1542 argumenti
889 1487 966 1531 hic
1014 1501 1199 1542 quoque
1244 1487 1356 1530 ficta
1404 1490 1486 1531 est.
1566 1487 1814 1531 Libanium

122 1547 322 1604 vestigia
357 1545 589 1603 epistulae
627 1546 836 1590 misellae
867 1545 1239 1603 Alciphronis
1272 1548 1362 1602 (ep.
1387 1546 1451 1590 HI
1475 1549 1548 1603 34)
1591 1547 1814 1603 pressisse

122 1606 356 1662 quomodo
400 1605 605 1649 Helmius
638 1605 844 1663 (Lucian.
877 1607 925 1649 et
955 1606 1161 1662 Menipp.
1194 1620 1238 1662 p.
1268 1608 1370 1662 185)
1410 1606 1690 1650 contendere
1731 1621 1814 1663 po-

122 1666 269 1710 tuerit
298 1679 391 1709 non
419 1665 658 1722 intellego.
722 1665 812 1709 Res
851 1679 959 1708 vero
999 1678 1120 1722 quae
1160 1666 1221 1708 ad
1252 1665 1496 1709 Timonem
1528 1668 1576 1709 et
1606 1665 1814 1710 Alcibia—

122 1724 310 1769 biadem
342 1726 557 1780 spectant
599 1738 764 1780 neque,
795 1738 917 1780 quae
948 1724 1040 1768 fuit
1079 1724 1239 1781 opinio
1270 1724 1517 1768 Fritzschii
1548 1725 1673 1782 (Luc.
1698 1725 1764 1768 III
1789 1730 1812 1769 1

123 1799 169 1841 p.
194 1783 385 1827 XXXIX
402 1786 501 1840 sq.)‚
530 1783 874 1827 Plutarchus
899 1785 1024 1840 (Ant.
1047 1788 1113 1829 70.
1148 1783 1246 1827 Alc.
1268 1786 1340 1841 16)
1364 1797 1531 1841 neque,
1555 1786 1610 1828 ut
1632 1786 1814 1829 Aeneas

124 1842 428 1888 Piccolomini
460 1842 608 1900 (Sulla
638 1843 872 1900 leggenda
904 1844 952 1886 di
984 1844 1179 1887 Timone
1209 1843 1245 1887 il
1276 1843 1563 1900 misantropo
1593 1844 1815 1898 ricerche‚

124 1901 261 1946 Studi
294 1903 343 1945 di
373 1902 582 1960 filolog'ia
613 1916 752 1958 greca
774 1902 797 1945 1
826 1902 939 1948 fasc.
967 1907 991 1945 3
1025 1903 1195 1947 Torino
1231 1907 1344 1947 1884
1375 1916 1421 1959 p.
1449 1907 1504 1946 18
1530 1904 1578 1947 et
1602 1906 1676 1959 33)
1709 1917 1815 1947 cen-

125 1963 233 2015 suit,
265 1962 504 2005 Luciani
540 1960 725 2019 Τίμων
759 1961 801 2005 ei
833 1962 1056 2018 praebere
1086 1962 1244 2018 potuit
1267 1989 1326 1995 —
1348 1975 1458 2005 nam
1482 1962 1631 2006 multo
1655 1962 1813 2018 plures

123 2025 232 2065 sunt
253 2034 395 2077 quam
411 2034 531 2077 quae
547 2021 598 2065 in
613 2021 686 2064 his
703 2021 924 2078 leguntur
938 2048 996 2054 —
1013 2022 1093 2066 sed
1112 2036 1168 2064 ex
1184 2035 1324 2078 opere
1348 2021 1550 2078 largiore
1568 2021 1707 2078 quale
1724 2021 1816 2065 fuit

123 2080 404 2125 Neanthis
430 2080 694 2136 Cyziceni
719 2081 823 2135 περὶ
857 2079 1059 2135 ἐνδόξων
1087 2083 1276 2137 ἀνδρῶν
1300 2080 1515 2137 (Mueller
1538 2081 1590 2124 fr.
1616 2080 1726 2124 hist.
1751 2080 1817 2124 III

125 2145 151 2183 2
169 2143 254 2197 sq.)
286 2153 364 2183 eas
395 2139 583 2184 fluxisse
621 2140 866 2196 probabile
899 2142 982 2184 est.
1044 2140 1236 2184 Praeter
1274 2141 1361 2184 hoc
1393 2140 1602 2184 studium
1634 2153 1815 2184 comoe-

124 2199 233 2243 diae
264 2199 451 2244 Atticae
483 2213 511 2243 a
535 2199 743 2244 Timonis
774 2213 975 2255 persona
1007 2199 1264 2244 deridenda
1291 2199 1418 2242 haud
1450 2199 1632 2243 alienae
1665 2199 1814 2256 (Kock

123 2258 178 2302 fr.
213 2272 328 2303 com.
353 2258 395 2302 H
428 2262 512 2302 100
551 2274 594 2302 n.
626 2263 726 2303 206.
785 2259 1020 2314 Beatam,
1060 2258 1446 2315 Timonlegende‚
1479 2258 1589 2302 diss.
1622 2258 1814 2303 Heidel-

123 2317 253 2375 berg.
289 2322 401 2361 1906
426 2333 470 2374 p.
497 2319 627 2373 4sq.)
667 2317 862 2373 eminet,
901 2332 1187 2374 quamquam
1219 2317 1474 2374 Phrynichi
1498 2316 1814 2373 Μονοτρόπου

124 2378 183 2421 de
207 2376 402 2421 Timone
424 2376 554 2420 locus
578 2377 638 2434 (Π
655 2382 739 2421 587
764 2377 826 2421 M.
843 2353 886 2420 1'1
902 2382 987 2420 375
1005 2378 1077 2434 K.)
1103 2391 1194 2421 non
1218 2377 1265 2420 in
1292 2378 1380 2420 hac
1406 2377 1524 2420 sed
1511 2391 1561 2420 1n
1585 2378 1814 2421 δυσκόλου

125 2435 357 2494 γήμαντος
387 2435 526 2479 λάλον
558 2444 759 2493 γυναῖκα
792 2436 1133 2480 declamatione
1165 2439 1198 2479 t.
1227 2436 1290 2479 IV
1318 2440 1415 2489 148,
1437 2441 1456 2478 1
1477 2435 1519 2479 R
1551 2438 1705 2480 exstat
1735 2435 1812 2493 (cf.

125 2495 281 2539 Herm.
305 2495 390 2538 XII
414 2497 532 2552 211)
594 2496 661 2539 Ac
707 2510 764 2539 ne
805 2496 1065 2539 Lucianeae
1113 2495 1302 2550 quidem
1348 2495 1564 2539 lectionis
1611 2495 1814 2553 vestigia

123 2568 245 2610 quae
270 2554 398 2610 apud
421 2553 755 2611 Alciphronem
777 2557 957 2611 patent
990 2555 1116 2611 apud
1148 2555 1396 2598 Libanium
1434 2568 1607 2628 negare
1647 2555 1812 2598 ausim.

125 2640 183 2646 —
213 2614 361 2670 Prope
394 2613 454 2656 ab
485 2612 573 2657 hoc
604 2615 701 2658 stat
732 2616 1057 2670 argumentum
1090 2613 1444 2658 declamationis
1468 2611 1815 2682 Alntfi‘tddfls

125 2674 256 2734 δᾳσὶ
294 2679 594 2729 μυστικαῖς
641 2674 891 2728 ἐκώμασε
923 2674 1017 2716 καὶ
1057 2671 1312 2727 κρίνεται
1353 2673 1637 2730 ἀσεβείας,
1683 2673 1813 2716 cuius

123 2690 389 2787 fragmenta
435 2731 493 2774 ab
531 2731 704 2775 Ioanne
737 2731 956 2776 Siceliota
987 2732 1245 2788 Doxapatri
1277 2733 1463 2776 servata
1492 2731 1542 2775 in
1574 2731 1813 2788 Melanges

124 2790 281 2835 Graux
311 2806 356 2847 p.
382 2794 467 2834 634
485 2805 551 2856 sq.
584 2790 725 2834 edidi.

245 2853 288 2906 2)
322 2849 629 2893 Ausonium
661 2863 765 2893 eam
795 2850 845 2892 in
876 2849 1043 2905 idyllio
1075 2849 1159 2892 XV
1191 2864 1325 2893 suum
1365 2851 1415 2893 in
1458 2865 1592 2893 usum
1625 2863 1813 2893 conver-

120 2909 238 2953 tisse
271 2908 525 2965 speciosior
555 2910 626 2952 est
657 2922 798 2964 quam
827 2908 978 2952 verior
1010 2909 1277 2952 coniectura
1300 2911 1486 2953 Aeneae
1509 2908 1812 2953 Piccolomini

125 2967 156 3011 l.
180 2967 210 3011 l.
243 2983 286 3024 p.
314 2972 384 3011 51.
418 2966 484 3011 Cf.
518 2967 728 3011 Bertram
760 2967 790 3010 l.
814 2966 844 3010 l.
870 2983 914 3024 p.
940 2972 1010 3011 81.

214 3050 409 3082 Intentus
434 3050 492 3081 ed.
517 3050 752 3081 Foerster.
787 3050 833 3081 V.
1399 3046 1455 3085 34
