2054 3192
272 115 376 166 142
742 117 970 161 LIBANII
999 118 1389 165 DECLAMATIO
1421 121 1465 164 II

269 252 613 320 συκοφάνται
651 254 974 322 Σωκράτην,
1014 253 1043 307 ὁ
1084 252 1145 308 δὲ
1183 254 1274 308 καὶ
1314 256 1651 325 ἐσπασμένος
1690 261 1769 311 ἔτι
1808 252 1956 330 ᾖδεν.

279 337 513 409 Ὀρφέως
563 340 596 409 ἡ
650 342 859 410 κεφαλὴ
915 344 1007 396 διὰ
1060 351 1160 397 τοῦ
1213 353 1464 414 ποταμοῦ
1517 346 1803 416 κατέβαινε
1857 356 1957 401 τοῦ

178 432 281 478 Mor
296 448 340 490 p.
360 438 444 477 246
476 432 802 499 Στρυμόνος
849 440 959 485 τῶν
1008 430 1202 501 ἑαυτῆς
1246 438 1429 500 μελῶν
1466 436 1904 504 μνημονεύουσα.
1947 434 1954 509 1

267 518 505 587 αὐλητὴς
552 516 613 572 δὲ
668 520 819 590 Φρὺξ
867 522 1141 590 Μαρσύας
1187 521 1216 575 ὁ
1263 523 1664 592 κεκολασμένος
1712 524 1958 592 ἀμείβειν

219 626 243 660 5
269 607 420 676 δῶρα
480 609 738 676 βούλεται
800 608 890 663 καὶ
945 618 1110 664 τοῦτο
1164 611 1266 679 μὲν
1319 611 1606 680 ἀδυνατεῖ,
1668 614 1839 665 ἄλλου
1897 614 1958 667 δὲ

268 696 571 760 αὐλοῦντος
603 697 790 751 ἀκούει
821 699 911 752 καὶ
944 698 1342 767 ἀναβιώσκεται
1374 706 1450 772 τῷ
1482 699 1645 769 μέλει.
1700 710 1958 755 τοιοῦτον

266 783 356 837 καὶ
395 786 455 838 τὸ
497 788 832 855 Σωκράτους
871 788 1033 841 ἐστίν.

176 877 280 923 Mor
294 894 339 935 p.
360 883 444 924 248
561 875 671 930 31.
695 878 791 945 Μὴ
819 879 886 946 δὴ
913 880 1114 946 φθόνει
1143 877 1278 947 μηδὲ
1306 881 1614 950 φιλοσοφία
1638 879 1866 933 ἀπίστει.
1906 883 1964 933 τί

268 964 519 1028 δέδοικας
556 966 629 1035 μὴ
669 972 826 1029 θεοῖς
864 965 1082 1036 εὔξηται
1122 966 1249 1020 καθ’
1295 967 1468 1035 ὑμῶν,
1509 968 1579 1021 ἂν
1619 967 1958 1040 διαλέγηταις

198 1074 243 1107 ιο
267 1053 404 1107 ἀλλὰ
443 1054 621 1124 λέγων
659 1052 762 1124 μὲν
800 1044 969 1108 οὐδὲν
1006 1064 1264 1109 τοιοῦτον
1304 1053 1436 1124 εἶπε,
1475 1064 1646 1110 ταῦτα
1687 1056 1736 1109 δ’
1776 1059 1844 1110 ἄν
1876 1078 1959 1121 τις

268 1144 497 1196 δύναιτο
536 1142 626 1197 καὶ
668 1136 905 1197 σιωπῶν.
976 1144 1156 1208 ὀκνεῖς
1194 1148 1255 1199 τὸ
1295 1147 1528 1199 κώνειον
1566 1155 1959 1215 προσενεγκεῖν

262 1232 416 1304 «αὐτῷ
448 1236 733 1297 λαλοῦντι;
767 1243 990 1286 σιωπῶν
1022 1235 1126 1303 γὰρ
1161 1234 1226 1287 οὐ
1253 1236 1554 1304 Σωκράτης
1586 1233 1750 1288 ἐστίν.
1790 1233 1958 1288 ἔασον

263 1322 438 1374 αὐτὸν
469 1322 614 1389 <ὡς>
644 1321 748 1376 κάν
781 1327 1066 1395 συμποσίῳ
1102 1327 1301 1376 λαλεῖν.
1373 1324 1571 1376 εἰπάτω
1604 1344 1656 1376 τι
1688 1326 1825 1393 πρὸς
1857 1326 1958 1392 τὴν

266 1417 365 1462 τοῦ
406 1411 699 1479 δαιμονίου
741 1414 1084 1480 φιλοτησίαν.

202 1518 241 1551 15
378 1499 463 1551 32.
511 1498 651 1568 Ἐγὼ
692 1497 793 1569 μὲν
840 1509 946 1553 νῦν
992 1502 1226 1570 μάλιστα
1272 1500 1421 1574 ᾤμην
1462 1501 1789 1570 ε’ληλέγχθαι
1828 1504 1958 1564 τοὺς

267 1589 620 1656 συκοφάντας
645 1590 996 1659 Σωκράτους,
1023 1591 1112 1643 ὅτε
1137 1591 1374 1659 φαιδρὸς
1398 1591 1564 1658 ὤφθη
1593 1591 1681 1642 καὶ
1706 1590 1958 1659 γεγηθὼς

267 1674 473 1740 ἐκεῖνος
506 1677 566 1729 ἐν
597 1687 662 1748 τῇ
695 1686 974 1749 συμφορᾷ,
1016 1680 1105 1750 ὅτε
1137 1678 1227 1732 καὶ
1261 1680 1550 1741 τοιούτους
1583 1681 1783 1746 λόγους
1819 1678 1957 1742 διεξ-

265 1769 441 1832 ῆλθεν
479 1760 702 1837 οἷόνπερ
743 1769 831 1820 καὶ
871 1776 978 1820 νῦν
1011 1767 1169 1836 λέγει.
1235 1769 1346 1820 τίσι
1379 1770 1566 1835 λόγοις
1598 1777 1812 1820 σιωπᾶν
1845 1766 1957 1820 ἐπι-

174 1857 278 1903 Mor
294 1875 337 1916 p.
357 1864 442 1903 250
474 1856 711 1921 τάττετε;
765 1858 820 1909 τί
856 1859 990 1910 κατὰ
1041 1856 1047 1928 1
1092 1865 1188 1925 τῆς
1226 1857 1524 1922 πολιτείας,
1579 1857 1634 1908 τί
1672 1857 1808 1908 κατὰ
1845 1865 1958 1909 τῶν

195 1963 243 1996 20
266 1946 468 2013 νόμων,
508 1948 566 1998 τί
599 1947 735 1998 κατὰ
773 1956 884 1999 τῶν
924 1946 1108 2015 ἀρχῶν
1147 1946 1180 2014 ἣ
1226 1954 1336 1998 τῶν
1383 1946 1630 2014 πατρίων
1676 1942 1844 2014 λέγει,
1891 1945 1956 1997 τὰ

266 2030 325 2085 δὲ
366 2033 432 2101 δὴ
481 2041 589 2086 νῦν
634 2033 724 2086 καὶ
772 2036 838 2087 τὰ
893 2035 1156 2103 ἱερώτατα
1209 2032 1347 2103 ὑπὲρ
1402 2043 1512 2086 τῶν
1567 2035 1754 2101 νόμων
1797 2036 1956 2100 φιλο-

384 2169 409 2206 4
434 2165 533 2208 Ael.
559 2179 649 2210 var.
676 2165 783 2210 hisb.
809 2165 914 2208 XIII
941 2170 995 2208 20
1120 2170 1173 2209 14
1199 2164 1247 2210 cf
1268 2165 1367 2209 Ael.
1384 2178 1478 2208 var.
1505 2163 1652 2207 hist]
1678 2167 1757 2217 163
1790 2162 1875 2206 XII
1899 2167 1953 2206 49

384 2289 408 2325 2
449 2283 477 2339 ἡ
511 2283 688 2340 κεφαλὴ
723 2284 813 2327 Μα
852 2285 932 2328 sed
963 2284 991 2340 ἡ
1024 2299 1147 2340 κεφα
1186 2284 1235 2327 in
1274 2297 1349 2327 ras
1380 2282 1451 2325 m²
1500 2285 1505 2337 Ι
1557 2280 1830 2340 κατέβαινεν
1865 2283 1953 2326 Μα

384 2347 410 2385 4
451 2342 474 2386 ὁ
508 2342 840 2400 κεκολασμένος
878 2343 1043 2399 scripsi
1080 2343 1196 2386 Mus.
1230 2343 1377 2386 Rhen.
1403 2340 1572 2384 XXXII
1598 2345 1651 2384 96
1729 2341 1782 2384 οὐ
1823 2356 1954 2384 κεκο-

261 2401 491 2458 λασμένον
526 2403 662 2446 ΜαΒ
739 2403 793 2446 οὐ
826 2401 1140 2458 κεκολασμένα
1174 2403 1230 2445 Μ
1259 2401 1360 2445 Mor
1409 2402 1414 2459 Ι
1466 2397 1742 2475 ἀμείβεσθαι
1787 2399 1956 2454 δώροις

260 2460 378 2504 Olim
403 2461 580 2505 conieci
643 2463 789 2516 δώρια
815 2461 1055 2518 αὐλήματα
1080 2461 1185 2505 coni
1210 2461 1310 2504 Mor
1430 2463 1455 2502 5
1484 2459 1564 2503 ἀλλ
1613 2459 1721 2503 οὐδὲ
1748 2458 1834 2501 Μα

266 2524 292 2562 9
323 2520 451 2576 ἡμῶν
478 2520 566 2564 Μα
704 2525 759 2563 12
791 2523 1017 2576 punctum
1047 2522 1156 2576 post
1192 2518 1316 2564 ἐστίν
1344 2518 1502 2576 posui,
1543 2518 1727 2574 signum
1758 2517 1954 2560 interro-

259 2579 469 2636 gationis
500 2579 609 2622 libri
634 2579 735 2624 Mor
857 2584 909 2623 13
945 2579 1077 2638 <ὡς>
1109 2580 1199 2623 κάν
1231 2579 1395 2634 scripsi
1456 2575 1546 2621 κᾶν
1572 2578 1622 2621 ἐν
1642 2575 1753 2619 libri
1779 2575 1861 2618 scd
1894 2576 1955 2627 ὡς

266 2640 374 2681 anbe
399 2639 449 2682 ἐν
473 2638 598 2682 inser
625 2639 747 2692 Ma²‚
773 2638 875 2682 Mor
996 2643 1050 2681 15
1075 2638 1158 2694 μὲν
1183 2645 1269 2682 νῦν
1298 2636 1483 2693 reposui
1509 2650 1533 2679 c
1564 2635 1696 2679 libris
1758 2640 1845 2679 νῦν
1870 2633 1953 2690 μὲν

266 2697 367 2741 Mor
489 2702 541 2740 16
576 2697 810 2753 σωκράτης
844 2699 905 2742 Μ
938 2701 945 2754 Ι
986 2695 1059 2742 ὅτε
1090 2697 1255 2753 scripsi
1287 2710 1312 2741 e
1345 2698 1434 2740 Ma
1496 2692 1564 2739 ’ὅτι
1597 2695 1702 2738 ΜΒ
1734 2694 1836 2738 Mor

269 2761 320 2798 17
353 2757 593 2807 τοιούτους
615 2754 779 2813 λόγους
802 2757 966 2813 scripsi
991 2770 1014 2799 e
1041 2757 1178 2801 MaB
1245 2762 1456 2799 τοιοῦτον
1489 2751 1625 2810 λόγον
1652 2754 1715 2797 Μ
1732 2752 1835 2797 Mor

266 2819 322 2858 18
348 2813 559 2873 οἷόνπερ]
585 2812 662 2859 οἷα
686 2815 774 2872 γὰρ
795 2816 931 2860 ΜαΒ
1055 2819 1107 2858 19
1124 2813 1168 2858 τί
1186 2841 1239 2846 -
1257 2811 1491 2864 πολιτείας
1514 2826 1589 2856 om
1608 2813 1670 2855 M
1784 2815 1840 2855 20
1862 2827 1951 2854 πα-

266 2871 404 2929 τρίων
429 2874 594 2930 scripsi
614 2887 642 2918 ο
676 2876 722 2918 Β
781 2872 993 2930 πατέρων
1019 2873 1169 2918 ΜΜα
1228 2879 1466 2928 πατρικῶν
1497 2871 1599 2915 Mor
1626 2874 1632 2927 Ι
1658 2870 1716 2914 τὰ
1745 2869 1816 2928 δὲ]
1841 2868 1951 2915 τάδε

264 2935 311 2977 Β
344 2936 391 2978 eb
422 2933 526 2978 coni
558 2933 659 2977 Mor
780 2938 832 2976 21
868 2941 954 2978 νῦν
985 2933 1084 2991 καὶ]
1117 2933 1197 2976 καὶ
1228 2939 1314 2976 νῦν
1347 2932 1392 2974 Β
