2026 3192
712 116 965 161 NEOCLIS
998 115 1222 160 ORATIO
1702 117 1809 169 477

115 254 159 311 ὦ
219 258 627 324 Θεμιστόκλεις,
681 253 860 306 πάντα
914 252 1046 322 ἡμῖν
1099 254 1165 305 τὰ
1217 260 1501 322 πανταχοῦ
1562 261 1660 322 γῆς
1721 252 1811 306 καὶ

116 345 393 412 θαλάττης
431 344 844 412 θαυμαζόμενα,
885 342 939 394 οἱ
979 340 1103 409 περὶ
1144 352 1256 394 τῶν
1296 341 1354 394 ἐκ
1395 343 1648 410 Λαυρίου
1688 362 1811 411 χρη-

118 434 305 502 μάτων
366 434 522 500 λόγοι
585 429 657 484 δι’
717 426 797 484 ὧν
857 428 1075 492 ἔπεισας
1131 429 1460 499 Ἀθηναίους
1521 429 1644 483 ἀντὶ
1710 439 1811 483 τοῦ

119 522 384 592 νέμεσθαι
424 528 562 583 ναῦς
600 529 799 587 ποιεῖν,
839 518 869 572 ὁ
909 527 1010 573 τοῦ
1050 523 1370 587 Μαραθῶνι
1411 523 1677 589 τροπαίου
1725 523 1812 588 ζῆ-

114 616 233 680 λος,
282 611 538 680 ῥημάτων
577 609 850 678 ἐξήγησις,
897 612 1195 678 ναυμαχίαι
1243 609 1346 661 δύο
1392 607 1519 678 περὶ
1560 609 1812 677 Εὔβοιαν
1857 629 1876 661 5

115 701 207 754 καὶ
245 710 412 767 νῖκαι,
456 702 714 768 ψήφισμα
759 701 1065 764 μετοικίζον
1111 699 1189 759 εἰς
1235 698 1337 766 τὴν
1383 698 1667 750 θάλατταν
1712 699 1813 766 τὴν

115 791 299 855 πόλιν,
335 787 364 841 ὁ
398 797 510 841 τῶν
549 783 728 855 ἔργων
767 788 1046 855 κολοφών,
1081 785 1115 854 ἡ
1149 789 1414 855 Σαλαμίς,
1455 787 1579 853 περὶ
1610 786 1681 854 ἣν
1711 787 1813 854 τὴν

116 878 299 930 Ἀσίαν
351 876 658 946 ἐβάπτισας.
737 875 823 929 39.
871 878 941 928 σὺ
996 876 1096 928 τὸν
1149 874 1490 944 νομισθέντα
1545 875 1683 928 θεὸν
1736 882 1812 947 τῷ

115 969 319 1035 πλήθει
358 973 453 1028 τῆς
492 966 778 1034 δυνάμεως
823 965 895 1033 ἣν
941 961 1064 1034 ἦγε,
1110 965 1210 1017 τὸν
1257 964 1617 1017 ἀναλώσαντα
1655 982 1813 1017 πινο-

112 1054 317 1122 μένους
347 1054 643 1124 ποταμούς,
681 1054 781 1106 τὸν
815 1053 923 1107 ὑπὸ
956 1062 1062 1122 γῆν
1093 1050 1195 1120 μὲν
1227 1054 1480 1116 δείξαντα
1511 1053 1810 1123 θάλατταν,
1837 1074 1879 1106 ιο

116 1146 355 1213 τριήρεις
411 1140 472 1196 δὲ
519 1142 792 1205 πλεούσας
839 1139 910 1195 δι’
968 1143 1116 1212 ὀρῶν
1169 1142 1375 1210 μέσων,
1430 1143 1529 1195 τὸν
1583 1142 1648 1194 τὰ
1701 1151 1813 1196 τῶν

115 1241 306 1301 νεφῶν
351 1233 490 1300 πρὸς
535 1232 634 1285 τὸν
686 1232 847 1299 ἥλιον
900 1231 1262 1301 ἐργαζόμενον
1316 1241 1432 1294 τοῖς
1477 1231 1684 1300 βέλεσι,
1741 1235 1810 1285 σὺ

116 1328 317 1374 τοῦτον
349 1319 650 1388 ἀνέστησας
679 1317 783 1389 μὲν
815 1319 872 1373 ἐκ
913 1328 1011 1374 τοῦ
1043 1322 1260 1390 θρόνου
1290 1330 1607 1389 ναυμαχῶν,
1647 1321 1812 1390 ἠνάγ-

115 1423 286 1473 κασας
325 1407 386 1462 δὲ
425 1413 658 1462 πλεῦσαι
699 1410 796 1462 τὸν
835 1417 936 1463 τοῦ
975 1409 1271 1478 τρέμοντος
1307 1412 1502 1462 πλοῦν.

226 1499 314 1551 40.
370 1498 593 1551 Τούτων
647 1503 770 1551 ἴσθι
824 1495 927 1567 μὲν
980 1500 1070 1551 καὶ
1123 1506 1187 1568 τῇ
1243 1505 1451 1552 σαυτοῦ
1499 1501 1671 1570 σοφίᾳ
1719 1497 1810 1552 καὶ
1835 1519 1876 1552 15

115 1597 229 1650 τοῖς
269 1586 491 1656 ἀνέμοις
529 1589 710 1656 χάριν,
751 1593 872 1641 ἴσθι
913 1587 975 1640 δὲ
1024 1587 1114 1640 καὶ
1153 1596 1218 1658 τῇ
1265 1595 1365 1640 τοῦ
1412 1589 1618 1656 πατρὸς
1657 1588 1809 1658 ὀργῇ.

190 1681 391 1747 ’ἶΗοι
411 1703 496 1746 VII
516 1708 614 1747 144.
646 1703 1009 1760 Aristid.t.11p.
1029 1709 1201 1759 231‚11
1325 1709 1353 1747 4
1377 1704 1485 1747 Her.
1503 1703 1588 1747 VII
1607 1708 1690 1748 143

116 1768 142 1806 5
167 1762 275 1806 Her.
299 1763 406 1806 VIII
425 1768 477 1806 11
498 1764 546 1806 eb
564 1767 631 1806 16.
665 1763 858 1807 Aristid.
876 1763 907 1806 l.
924 1763 954 1807 l.
980 1779 1025 1820 p.
1044 1768 1211 1814 251,22
1335 1768 1360 1806 6
1387 1763 1493 1808 Her.
1511 1763 1688 1807 VH161

116 1826 142 1864 7
174 1821 280 1866 Her.
307 1822 392 1866 VII
416 1828 470 1865 21
594 1827 619 1865 9
653 1822 709 1866 cf.
735 1837 780 1878 p.
807 1827 907 1876 499,
926 1827 966 1866 2.
999 1822 1106 1866 Her.
1132 1823 1218 1866 VII
1233 1828 1287 1866 21
1414 1828 1468 1866 10
1501 1823 1558 1866 cf.
1584 1838 1628 1879 p.
1648 1827 1749 1877 499,
1767 1828 1808 1867 4.

116 1881 222 1926 Her.
255 1881 340 1925 VII
373 1887 442 1925 22.
491 1880 682 1925 Aristid.
727 1897 772 1938 p.
806 1886 956 1937 242‚1
1113 1887 1164 1925 11
1211 1882 1317 1926 Her.
1352 1882 1437 1926 VH
1467 1887 1567 1926 226.
1614 1881 1809 1927 Arisizid.

114 1956 162 1996 p.
187 1945 286 2044 {3}
305 1946 332 2044 ξ
350 1955 415 1996 sq.
540 1946 593 1984 12
620 1941 678 1984 cf.
694 1956 739 1997 p.
758 1945 861 1996 499,
880 1946 905 1984 3
1029 1946 1082 1985 13
1108 1941 1214 1986 Her.
1233 1942 1338 1985 VIII
1356 1946 1411 1985 90
1537 1947 1591 1985 14
1618 1942 1808 2001 AristicI.

116 2015 161 2056 p.
279 2035 290 2055 ‚
352 2015 417 2056 sq.

237 2108 258 2146 1
293 2103 467 2162 πάντα]
501 2112 647 2148 ταῦτα
673 2105 778 2148 coni
803 2104 960 2148 Gasda
1082 2110 1107 2147 2
1133 2106 1237 2160 περὶ
1263 2105 1437 2148 inserui
1462 2119 1486 2149 c
1514 2105 1596 2149 OB
1627 2106 1680 2147 ut
1704 2105 1808 2148 coni

115 2162 183 2206 Re
246 2176 318 2206 om
333 2162 505 2219 reliqui
521 2163 631 2207 libri
649 2164 739 2207 edd
766 2166 773 2220 Ι
800 2162 994 2221 λαβρίου
1004 2164 1114 2208 Lau
1166 2162 1356 2207 λαυτίου
1372 2166 1406 2208 Ι
1452 2161 1686 2218 Λαυρείου
1703 2164 1808 2208 coni

115 2221 184 2265 Re
306 2226 330 2264 3
364 2221 409 2265 οἱ
441 2225 551 2266 aulae
583 2221 711 2280 λόγοι
737 2225 827 2278 Ma
858 2224 939 2267 sed
972 2223 1048 2267 del
1076 2235 1082 2281 Ι
1110 2221 1257 2279 λόγιοι
1282 2225 1316 2267 Ι
1429 2227 1456 2266 4
1488 2229 1641 2267 ποιεῖν
1673 2237 1748 2266 om
1774 2224 1814 2268 G'

174 2280 298 2324 inser
326 2280 435 2324 Μα4
462 2284 468 2337 1
497 2281 546 2326 ἐν
580 2285 689 2326 ante
708 2274 972 2353 μαραθῶνι
998 2284 1133 2327 ΜαΒ
1167 2282 1222 2326 cf.
1250 2297 1294 2338 p.
1320 2286 1493 2357 464,ρ17
1523 2285 1529 2339 Ι
1557 2285 1809 2339 μαραθῶνι

116 2340 160 2382 L
191 2340 272 2383 sed
304 2357 320 2383 ι
352 2339 478 2384 inser
507 2341 578 2384 ω’
606 2343 611 2397 Ι
638 2339 865 2410 τρόπαιον
890 2343 925 2386 I
1039 2346 1064 2385 5
1096 2341 1124 2397 ἡ
1157 2349 1249 2386 τῶν
1278 2344 1387 2385 ante
1412 2339 1628 2398 ῥημάτων
1653 2340 1808 2385 Gasda

175 2398 420 2474 χρημάτων
452 2399 560 2442 libri
592 2401 674 2445 sed.
706 2418 760 2457 χρ
791 2401 842 2444 in
874 2398 901 2455 ῥ’
933 2414 1034 2444 corr
1058 2401 1124 2445 L*
1186 2415 1287 2444 corr
1319 2401 1419 2444 Mor
1445 2402 1452 2459 Ι
1480 2399 1530 2444 αἱ
1555 2402 1663 2445 ante
1695 2418 1809 2445 ναυ-

116 2457 280 2514 μαχίαι
311 2457 466 2502 Gasda
494 2461 499 2515 Ι
527 2457 644 2514 ’ὑπὲρ
673 2461 708 2503 I
822 2465 847 2503 6
881 2458 1010 2504 νίκαι
1040 2460 1150 2504 libri
1183 2460 1274 2503 edd
1301 2464 1306 2516 Ι
1334 2460 1414 2503 καὶ
1446 2462 1555 2504 ante
1586 2460 1808 2517 ψήφισμα

119 2517 194 2567 CI,
227 2517 279 2561 τὸ
313 2516 469 2561 Gasda
546 2517 767 2575 ψήφισμα
794 2520 838 2563 L
871 2519 952 2563 sed
983 2528 1052 2576 ψη
1084 2519 1133 2562 in
1164 2533 1240 2562 ras
1271 2518 1341 2561 m'
1413 2517 1692 2575 ψηφίσματα
1720 2521 1763 2563 Β
1799 2520 1802 2571 l

115 2574 430 2631 μετοικίζοντα
455 2578 500 2620 Β
550 2579 557 2634 Ι
606 2576 852 2621 θάλασσαν
885 2579 966 2622 LI
1099 2579 1235 2622 ’ἵκαὶ
1268 2581 1376 2622 ante
1405 2580 1436 2633 ἡ
1463 2578 1507 2621 L
1531 2579 1613 2622 sed
1638 2592 1755 2632 erae,
1780 2580 1816 2622 Ι

116 2635 226 2679 Lau
349 2640 403 2677 10
437 2635 556 2689 ,,ὑπὸ
582 2643 664 2681 aut
687 2637 922 2681 delendum
955 2643 1038 2682 aut
1060 2651 1162 2681 cum
1187 2634 1397 2688 ὁπλίταις
1421 2638 1806 2693 permutandum“

115 2693 276 2738 Jacobs
308 2694 415 2737 Add
440 2699 526 2738 354
587 2694 702 2750 ὑπὲρ
735 2696 840 2739 coni
874 2695 1029 2740 Gasda
1056 2699 1062 2752 Ι
1089 2695 1331 2741 θάλατταν
1363 2696 1528 2753 scripsi
1560 2711 1585 2740 e
1613 2697 1747 2741 MaB

115 2751 361 2796 θάλασσαν
393 2753 562 2809 reliqui
593 2753 703 2798 libri
734 2755 826 2798 edd.
947 2761 1000 2799 11
1034 2755 1261 2805 πλεούσας
1284 2757 1328 2800 L
1359 2756 1442 2799 sed
1472 2758 1519 2800 λε
1551 2756 1600 2799 in
1631 2770 1705 2799 ras
1737 2755 1808 2799 m²

237 2817 291 2855 12
322 2813 405 2856 τὸν
436 2826 512 2856 om
542 2814 667 2857 Mal
796 2819 850 2857 13
882 2812 1044 2859 τοίνυν
1079 2816 1189 2858 ante
1218 2821 1385 2859 τοῦτον
1412 2816 1448 2859 Ο
1494 2817 1512 2871 1
1549 2813 1731 2869 θρόνου
1764 2816 1807 2859 L

118 2869 199 2913 sed
229 2874 269 2914 θ·
298 2871 348 2914 in
378 2886 452 2914 ras
483 2871 555 2914 m’
613 2870 784 2929 χρόνου
811 2873 935 2918 ΟΜα
970 2873 1051 2916 sed
1082 2873 1131 2916 in
1162 2873 1251 2917 hoc
1282 2891 1337 2930 γρ
1369 2871 1551 2929 θρόνου
1592 2887 1808 2930 suprascr

117 2928 201 2982 111⁴,
224 2930 411 2974 BILau
549 2935 602 2973 16
613 2889 824 2988 χάνέμοις
856 2932 1019 2988 scripsi
1052 2946 1076 2974 e
1110 2933 1285 2976 OMaB
1348 2932 1474 2989 ἐμοῖς
1501 2934 1683 2977 LILau
1715 2933 1806 2976 edd
