2054 3192
217 117 287 170 48
715 114 945 159 LIBANII
974 114 1364 160 DECLAMATIO
1397 116 1419 159 1

204 251 462 319 ’'Avvwg,
518 252 730 314 δίκαιός
794 250 907 303 ἐστι
967 253 1272 320 κατήγορος
1327 250 1489 320 <καὶ>
1531 253 1756 320 κήδεται
1819 260 1914 322 τῆς

216 342 439 408 πόλεως,
479 342 526 393 εἰ
564 338 654 393 καὶ
694 338 953 410 βραδέως.
997 340 1043 392 εἰ
1084 337 1132 391 δ’
1172 339 1277 392 ἀπὸ
1319 340 1420 408 μὲν
1458 349 1667 410 καιρῶν
1708 342 1914 395 ἱκανῶν

217 429 389 493 δεῖξαι
430 429 604 498 φύσιν
643 429 981 497 τυραννικὴν
1022 428 1123 481 οὐκ
1163 428 1233 481 ἂν
1273 429 1501 482 δύναιτο
1555 429 1654 482 τὸν
1693 431 1912 499 ἄνθρω-

217 537 322 570 πον
362 515 627 586 ἐλέγχειν,
676 518 852 579 αἰτίας
901 513 961 568 δὲ
1014 516 1346 584 συναγαγὼν
1396 516 1506 570 οὐκ
1537 517 1707 580 οὔσας
1744 536 1912 589 παρο-

171 628 191 660 5
217 605 366 670 ξύνει
413 607 544 667 τοὺς
590 605 964 674 ὀμωμοκότας,
1013 606 1084 674 μὴ
1133 603 1455 658 λανθανέτω
1505 606 1638 674 μετὰ
1686 607 1913 677 Σωκρά-

217 714 346 757 τους
386 693 594 746 ἀδικῶν
634 693 730 756 οὓς
771 691 1049 762 ἐπιορκεῖν
1089 693 1389 761 ἀναγκάζει.

329 783 413 835 62.
478 783 545 835 Τί
597 777 700 835 οὖν
747 781 862 835 ἐστι
911 779 975 835 δι’
1024 782 1053 835 ὃ
1102 782 1425 850 γράψασθαι
1482 785 1772 852 τετόλμηκε
1821 782 1911 837 καὶ

217 872 360 924 οὕτω
385 873 805 940 τεθαρρηκότως
821 871 1156 939 τηλικαύτην
1181 872 1364 923 αἰτίαν
1387 869 1709 940 ἐπήνεγκεν;
1736 870 1811 924 ‘H
1815 886 1911 925 σι-

216 961 398 1028 όδου,
450 963 647 1028 φησίν,
703 957 882 1028 [ἔπη]
931 958 1037 1012 καὶ
1079 960 1440 1027 Θεόγνιδος
1493 958 1599 1013 καὶ
1636 958 1911 1031 Ὁμήρου

149 1074 193 1106 10
218 1048 322 1101 καὶ
361 1059 488 1101 τῶν
522 1048 866 1118 Πινδάρου
898 1053 1134 1118 μελῶν,
1174 1050 1326 1111 τοὺς
1360 1047 1429 1101 δὲ
1459 1050 1732 1117 ποιητὰς
1762 1050 1911 1102 τού-

216 1157 368 1199 τους
407 1135 513 1190 καὶ
554 1135 744 1205 δόξης
782 1137 887 1190 καὶ
929 1146 1132 1204 τιμῶν
1171 1135 1598 1206 τετυχηκέναι
1636 1138 1806 1206 παρά
1845 1157 1910 1190 τε

215 1234 354 1289 τοῖς
386 1227 611 1288 ἄλλοις
641 1226 746 1278 καὶ
778 1225 957 1295 ἡμῖν,
994 1226 1271 1294 τούτων,
1305 1228 1458 1295 φησί,
1495 1235 1621 1279 τῶν
1652 1225 1911 1295 ἀνδρῶν

217 1314 732 1383 ἐπιλαμβάνεται
784 1312 889 1367 καὶ
944 1324 1072 1367 τῶν
1126 1313 1489 1385 εἰρημένων
1543 1315 1660 1368 οὐκ
1721 1315 1909 1382 ὀλίγα

217 1404 516 1457 δείκνυσι
578 1411 876 1473 πονηρῶς
944 1400 1190 1472 ἔχοντα.
1287 1404 1371 1456 63.
1433 1411 1656 1473 πρᾶγμα
1715 1411 1908 1472 ποιῶν,

149 1490 427 1561 ιε’Ἀνυτε,
482 1495 687 1560 πολλῆς
739 1491 1012 1560 ἐξουσίας,
1068 1490 1184 1545 ἐπεὶ
1231 1490 1321 1545 καὶ
1377 1491 1496 1561 ἐμοὶ
1551 1490 1641 1545 καὶ
1690 1490 1778 1545 σοὶ
1818 1490 1908 1545 καὶ

214 1589 331 1644 τοῖς
365 1583 613 1644 πολίταις
645 1581 813 1634 ἅπασι
846 1581 936 1633 καὶ
974 1589 1091 1644 τοῖς
1131 1580 1307 1646 ξένοις
1346 1582 1436 1635 καὶ
1475 1581 1621 1644 νέοις
1659 1579 1749 1634 καὶ
1780 1599 1908 1651 πρε-

333 1761 359 1800 8
393 1771 459 1812 sq.
494 1756 551 1800 cf.
584 1772 629 1813 p.
657 1761 682 1800 3
717 1758 763 1800 et
794 1755 909 1800 Xen.
943 1724 1107 1801 conim.
1140 1756 1162 1799 Ι
1194 1762 1234 1811 2,
1254 1761 1308 1801 56
1329 1771 1395 1814 sq.

214 1916 332 1963 τοῦτ’
369 1918 514 1963 Cobet
588 1918 724 1963 τοῦτό
765 1917 799 1977 γ’
844 1919 1006 1963 Iacobs
1046 1919 1142 1964 Not
1173 1924 1227 1963 21
1304 1918 1484 1963 τούτων
1522 1920 1710 1963 auctore
1751 1918 1907 1963 Gasda

213 1978 318 2035 Rog
345 1978 351 2036 Ι
378 1995 421 2021 τι
452 1978 627 2023 inserui
659 1981 847 2022 auctore
880 1978 1037 2023 Gasda
1069 1993 1174 2022 cum
1206 1979 1309 2036 Rog
1371 1992 1446 2021 om
1477 1977 1586 2022 libri
1618 1978 1720 2021 Mor
1735 1978 1803 2022 Re

336 2043 358 2080 1
393 2038 470 2081 καὶ
505 2037 683 2082 inserui
713 2040 901 2082 auctore
932 2037 1142 2082 Iacobsio
1174 2037 1271 2081 Not
1303 2042 1356 2081 21
1391 2051 1496 2081 cum
1526 2037 1630 2094 Rog
1691 2051 1767 2081 om
1796 2036 1906 2080 libri

215 2096 401 2140 MorRe
521 2102 550 2140 4
582 2099 766 2152 „malim
797 2097 1102 2152 παροξύνειεί*
1135 2097 1203 2141 Re
1243 2096 1318 2141 cui
1351 2096 1558 2140 oblocuti
1597 2098 1707 2140 sunt
1742 2096 1905 2140 Iacobs

214 2155 322 2199 Add.
354 2159 438 2198 146
472 2158 519 2200 et
544 2155 700 2200 Gasda
821 2161 846 2199 5
881 2155 1181 2212 ὀμωμοκότας
1209 2155 1318 2199 libri
1345 2155 1426 2199 sed
1454 2156 1467 2176 ‘
1486 2155 1535 2198 in
1556 2156 1568 2176 ’
1597 2169 1698 2199 corr
1724 2154 1836 2199 Ma?

216 2218 241 2256 6
275 2214 524 2270 ἀναγκάζει
562 2215 750 2271 reposui
790 2229 846 2258 ex
877 2216 1147 2260 AthUVaB
1180 2216 1368 2259 auctore
1401 2213 1573 2259 Cobebo
1606 2228 1712 2258 cum
1743 2214 1847 2271 Rog

215 2272 524 2330 ἀναγκάζεται
558 2275 647 2318 Ma
678 2274 779 2318 Mor
794 2274 863 2318 Re
987 2279 1010 2317 7
1044 2274 1118 2319 διὸ
1151 2275 1246 2318 Ath
1365 2277 1391 2317 8
1425 2272 1543 2318 οὕτω
1576 2272 1740 2329 scripsi
1764 2285 1793 2317 e
1816 2273 1904 2317 Ma

224 2332 389 2376 UVaB
436 2346 541 2376 cum
580 2333 683 2390 Rog
760 2350 905 2385 ουτως
943 2335 1036 2378 Ath
1066 2333 1168 2377 Mor
1183 2333 1250 2377 Re
1373 2337 1400 2376 9
1439 2332 1524 2388 ἔπη
1565 2331 1820 2376 cancellavi
1851 2333 1905 2374 ut

216 2392 369 2434 ortum
400 2405 456 2435 ex
488 2391 783 2436 antecedenti
814 2392 1066 2450 ἐπήνεγκεν
1092 2393 1281 2436 auctore
1304 2391 1622 2435 Hefermehlio
1682 2392 1794 2446 post
1814 2390 1900 2447 ἔπη

218 2449 282 2492 ali
285 2450 399 2506 quid
443 2450 602 2494 deesse
650 2451 914 2507 suspicatus
959 2454 1030 2496 est
1071 2451 1160 2505 Re,
1207 2451 1398 2506 negavit
1439 2449 1676 2494 Iacobsius
1718 2449 1816 2493 Not
1846 2454 1899 2492 21

216 2508 564 2553 anacoluthiam
596 2511 809 2554 statuens
930 2515 980 2553 11
1014 2508 1314 2567 τετυχηκέναι
1340 2511 1428 2554 Ma
1461 2509 1542 2552 sed
1565 2523 1725 2566 τετυχη
1750 2508 1797 2552 in
1827 2521 1901 2552 ras

215 2567 284 2611 m²
407 2573 458 2611 12
492 2568 602 2625 ὑμῖν
618 2569 764 2613 AthU
771 2570 885 2614 VaB
909 2569 1015 2626 Rog
1041 2571 1046 2625 Ι
1074 2569 1265 2623 τούτων,
1291 2566 1407 2624 φησί
1430 2567 1596 2624 scripsi
1658 2580 1772 2623 φησι
1795 2567 1901 2611 τού-

215 2643 309 2670 των
339 2626 449 2670 libri
480 2627 571 2670 edd
710 2632 763 2670 13
796 2628 876 2671 καὶ
914 2627 1088 2671 inserui
1120 2641 1144 2671 e
1175 2626 1308 2671 libris
1348 2630 1535 2670 auctore
1568 2625 1761 2669 Mox-ello
1797 2639 1901 2669 cum

215 2685 320 2743 Rog
395 2699 471 2729 om
510 2685 610 2729 Mor
626 2685 694 2730 Re
745 2687 750 2744 Ι
799 2693 892 2730 τῶν
931 2683 1044 2744 (ὑπ’
1087 2686 1242 2730 αὐτῶν
1287 2685 1361 2728 vel
1407 2684 1600 2743 αυτοῑς>
1649 2681 1900 2740 εἰρημένων

216 2745 321 2788 coni
352 2744 419 2787 Re
543 2748 596 2787 14
629 2746 815 2795 δεικνὺς
855 2745 958 2788 coni
990 2745 1158 2788 Iacobs
1184 2745 1290 2787 Add
1325 2749 1409 2788 133
1449 2744 1561 2787 Lech
1595 2747 1677 2787 195
1717 2743 1813 2787 Not
1845 2748 1898 2786 21

216 2804 265 2846 ei.
296 2803 500 2847 Sintenis
543 2804 549 2859 Ι
586 2802 835 2860 πράγματα
867 2805 960 2848 Ath
972 2805 1039 2848 Va
1110 2819 1301 2859 πραγμα
1333 2817 1438 2846 cum
1468 2815 1544 2846 ras
1570 2808 1594 2846 2
1626 2802 1706 2845 litt
1744 2802 1788 2846 U

217 2867 272 2964 ἑὸ
314 2860 413 2906 ἐπεὶ
451 2861 627 2905 inserui
671 2875 697 2906 e
726 2861 860 2906 libris
900 2876 1003 2906 cum
1046 2862 1155 2919 Rog
1226 2876 1300 2905 om
1339 2862 1441 2905 Mor
1456 2861 1524 2905 Re
1563 2860 1644 2917 qui
1688 2861 1768 2904 καὶ
1811 2860 1900 2918 γὰρ

239 2921 318 2976 μοὶ
350 2921 454 2964 coni
