2026 3192
140 1836 225 1875 228

239 116 348 169 300
721 115 948 160 LIBANII
979 115 1367 161 DECLAMATIO
1402 116 1443 159 V

238 259 387 318 atque
434 258 509 303 ita
556 256 756 318 quidem
801 259 858 303 ut
907 256 1032 304 folia
1072 257 1285 304 239V—
1302 258 1433 304 237v
1470 256 1742 318 praebeant
1782 256 1933 305 finem

236 331 588 395 πρεσβευτικοῦ
619 328 743 393 πρὸς
768 323 983 394 Ἀχιλλέα
1013 330 1250 379 Aristidis
1280 330 1395 378 inde
1427 346 1457 377 a
1487 330 1651 379 verbis
1679 329 1732 379 τό
1757 348 1804 378 τε
1828 335 1940 390 τοῖς

236 403 401 468 ὅρκοις
419 397 499 470 (=
516 407 552 452 t.
568 403 622 451 H
640 404 762 465 592,
781 405 811 451 8
830 397 1004 470 Dind.)
1021 420 1177 466 usque
1205 404 1267 452 ad
1291 403 1391 467 ἅμα
1414 410 1480 452 τῶ
1505 400 1626 467 ἡλίω
1651 396 1711 470 (t.
1726 404 1779 452 Π
1797 398 1936 470 608)-

235 483 285 526 et
314 479 436 527 folia
471 479 814 526 237v—234v
845 480 894 526 et
930 479 1060 526 24ον
1895 527 1898 531 ,
1923 534 1926 536 ,

342 547 780 617 Ἀντιρρητικὸς
803 551 949 616 πρὸς
973 550 1074 601 τὸν
1097 551 1600 617 προηγησάμενον
1625 552 1927 617 λιβανίουτ

235 635 401 708 (λόγος
432 642 499 705 μβ
544 643 598 688 in
643 657 786 704 marg
816 634 912 707 m2)
959 641 1074 688 inde
1122 641 1183 689 ab
1230 643 1378 689 initio
1412 636 1522 690 ’Ὅτε
1561 648 1756 707 πρῶτον
1801 640 1938 705 ὑμᾶς

233 709 367 764 εἶδον
385 709 454 782 (p.
476 717 598 776 303,
616 710 675 781 4)
706 731 862 776 usque
895 714 958 762 ad
989 715 1141 764 verba
1171 715 1367 763 τιτθίὸα
1399 715 1663 780 μεμίμηται
1695 710 1927 783 (334‚5).

345 790 490 838 Folia
522 790 842 838 circumsecta
872 805 1002 837 nunc
1031 790 1218 837 habent
1241 789 1561 837 altitudinem
1588 790 1689 838 fere
1716 792 1785 839 20
1817 806 1926 838 oen-

233 865 568 924 timetrorum3
608 863 853 925 scriptura
884 863 995 925 ipsa
1031 866 1095 911 14
1130 865 1232 911 fere
1273 864 1587 912 centimetros
1631 866 1839 926 occupat
1878 867 1928 912 et

236 938 376 986 35—
385 940 450 986 39
485 901 643 986 lin⁷eas
675 937 724 984 in
757 953 1058 999 unaquaque
1089 938 1274 1002 pagina
1307 938 1517 986 exhibet.
1571 938 1748 986 Mador
1770 938 1928 1032 codici

231 1012 475 1073 imprimis
507 1012 559 1059 in
589 1014 814 1075 margine
846 1011 1199 1060 detrimentum
1232 1012 1417 1060 intulit.

344 1086 640 1134 Examinavi
688 1102 816 1133 anno
856 1087 1022 1149 1880,
1069 1086 1228 1134 denuo
1269 1102 1298 1133 a
1335 1103 1413 1134 me
1459 1089 1663 1150 rogatus
1709 1087 1927 1148 inspexit

232 1175 360 1208 anno
397 1161 537 1209 1888
570 1160 625 1207 F.
657 1160 853 1208 Madau.

340 1234 671 1296 Inscriptione
702 1235 874 1296 privus
907 1237 982 1282 est
1013 1234 1163 1282 codex

347 1310 430 1356 75.
461 1308 693 1357 Athous
725 1308 1090 1370 Batopaedii
1134 1310 1238 1356 367
1274 1324 1398 1357 saec.
1431 1304 1666 1373 XIVJXV
1695 1308 1780 1356 fol.
1818 1311 1929 1357 162

231 1375 368 1447 (vide
388 1382 494 1430 t.H
516 1399 564 1444 p.
589 1375 734 1446 186),
767 1383 853 1431 sed
886 1399 943 1430 ea
975 1383 1197 1445 suppleri
1226 1385 1394 1445 potest
1423 1385 1475 1430 in
1508 1380 1926 1447 ἀντιρρητικὸς

230 1453 375 1520 πρὸς
412 1454 513 1504 τὸν
560 1453 816 1505 ὄδυσσέα
863 1453 936 1515 ὡς
982 1454 1041 1504 ἐκ
1086 1456 1407 1518 προσώπου
1454 1454 1731 1521 ἆχιλλέως
1770 1458 1821 1504 et
1860 1457 1924 1505 ad

230 1530 514 1594 analogiam
539 1531 659 1578 eius-
676 1547 827 1592 quam
851 1531 1147 1579 declamatio
1171 1531 1468 1593 praecedens
1494 1530 1730 1579 Aristidis
1753 1532 1807 1577 in
1830 1531 1931 1580 hoe

229 1604 395 1652 codice
423 1605 551 1669 gerit
574 1602 850 1670 ἀριστείὸου
875 1604 1082 1670 ῥήτορος
1106 1604 1451 1670 πρεσβευτικὸς
1473 1603 1596 1669 πρὸς
1620 1603 1705 1653 τὸν
1729 1602 1924 1670 ἀχιλλέά

229 1675 295 1736 ὡς
326 1675 379 1726 ἐκ
409 1678 677 1743 προσώπου
708 1685 797 1727 τοῦ
830 1675 1075 1738 ὀδυσσέως
1105 1682 1156 1727 et
1186 1679 1249 1727 ad
1282 1681 1565 1743 analogiam
1596 1679 1777 1727 codicis
1807 1679 1923 1728 huic

229 1753 407 1800 similis
440 1753 528 1814 qui
561 1755 635 1800 est

345 1828 426 1874 76.
474 1827 708 1875 Athous
753 1826 1083 1889 Uspenskii
1137 1827 1425 1876 chartaceus
1479 1828 1668 1876 formae
1715 1829 1929 1876 octavae

229 1900 442 1962 scriptus
476 1917 604 1948 anno
641 1902 798 1949 1439.
864 1900 1096 1949 Continet

341 1976 442 2023 Τοῦ
477 1972 678 2033 Τζέτζου
711 1974 918 2038 ἱστορίαι
949 1973 1030 2023 διὰ
1063 1975 1237 2041 στίχων

335 2042 560 2113 Ἀπορίαι
592 2046 799 2110 φυσικαὶ
830 2047 913 2097 καὶ
945 2049 1002 2097 αἱ
1027 2049 1189 2108 λύσεις
1222 2049 1385 2098 αὐτῶν

340 2122 592 2186 Λιβανίου
626 2129 865 2184 σοφιστοῦ
899 2121 1087 2187 μελέται

342 2198 456 2244 Τοῦ
474 2193 657 2244 αὐτου
681 2193 1095 2263 ἁντιρρητικοὶ
1119 2195 1192 2256 ὡς
1216 2195 1275 2246 ἐκ
1299 2196 1621 2263 προσώπου
1639 2195 1927 2262 ἀχιλλέως

224 2264 455 2318 1110.”Ότε
486 2277 683 2334 πρῶτον
713 2268 841 2334 ὑμᾶς
874 2265 1008 2319 εἶδον

332 2336 630 2406 Ἀριστειὸου
667 2343 1006 2408 πρεσβευτικοὶ
1044 2344 1167 2410 πρὸς
1206 2343 1291 2394 τὸν
1330 2343 1521 2410 ἆχιλλέα
1560 2343 1610 2394 ἐκ
1649 2344 1923 2410 προσώπου

227 2413 484 2475 ὁδυσσέως.
545 2417 646 2465 Inc.
668 2413 857 2482 ’Ἀριστε
888 2416 1080 2482 ἆχιλλεῢ
1905 2442 1909 2446 ·

335 2489 545 2550 Εἰκόνες
576 2490 899 2556 φιλοστράτου

337 2564 572 2623 Κάτωνος
601 2571 792 2629 γνῶμαι

336 2635 503 2702 Λόγος
533 2636 643 2703 περὶ
673 2636 953 2688 πανσέπτου
985 2647 1110 2688 ναοῦ
1145 2647 1243 2688 τῶν
1276 2638 1469 2705 ὁδηγῶν

332 2704 565 2759 Ἰωάννου
576 2710 811 2760 διακόνου
824 2711 1078 2778 εὐγενικου
1056 2713 1266 2776 μονοὸ
1246 2733 1294 2762 ια
1303 2711 1382 2761 ἐπὶ
1394 2720 1452 2778 τῆ
1461 2712 1548 2777 τής
1557 2714 1923 2777 θεσσαλονίκης

224 2781 398 2832 ἁλώσει
413 2783 613 2833 1110.Σὺ
631 2782 727 2834 δὲ(
701 2804 766 2844 ως
783 2783 1002 2850 ἀληθῶς,
1020 2784 1081 2834 συ
1098 2787 1325 2870 καλλίστη
1350 2785 1433 2835 καὶ
1456 2787 1684 2850 θειοτάτη
1708 2786 1915 2837 πόλεων

337 2857 566 2907 Codicem
604 2874 732 2907 anno
776 2861 915 2908 1845
963 2861 1127 2908 nescio
1172 2861 1225 2908 in
1265 2876 1361 2923 quo
1406 2862 1705 2909 monasterio
1750 2860 1914 2910 visum

224 2931 485 2993 descripsit
537 2931 840 2995 Porphyrius
894 2933 1140 2995 Uspenski
1193 2935 1244 2981 in
1299 2950 1443 2995 opere
1497 2934 1670 2997 lingua
1720 2935 1915 2983 russica
