2026 3192
213 116 322 168 504
694 112 922 157 LIBANII
953 113 1344 159 DECLAMATIO
1378 115 1417 158 X

214 257 379 317 λεται,
419 259 514 320 τῆς
554 249 715 318 δόξης
753 248 843 302 καὶ
883 253 1160 318 θαρρείτω
1201 269 1262 318 γε
1303 251 1374 313 ὡς
1407 252 1574 305 οὐδὲν
1605 255 1774 306 κακὸν
1804 253 1896 307 ὑπ’

213 340 346 415 ἐμοῦ
388 341 726 408 πεισόμενος,
768 339 834 391 οὐ
876 340 978 407 γὰρ
1021 340 1089 407 δὴ
1127 342 1516 407 μνησικακήσω
1556 361 1617 409 γε
1657 341 1777 394 οὐδ’
1816 341 1902 396 ἐπὶ

211 430 479 499 τιμωρίαν
517 427 800 497 τρέψομαι,
839 429 1046 496 μήποτε
1085 427 1228 480 οὕτω
1262 430 1526 495 γενοίμην
1556 433 1734 499 κακός,
1767 430 1905 484 ἀλλὰ

211 517 315 571 κᾶν
362 523 539 580 εἴτις
593 518 756 579 ἄλλος
811 515 1119 585 ἐπηρεάζοι,
1174 517 1264 569 καὶ
1319 521 1603 586 χαλεπανῶ
1658 519 1746 572 καὶ
1802 519 1903 573 οὐκ

167 628 186 660 5
212 606 482 676 ἐπιτρέψω
523 604 613 658 καὶ
652 606 823 659 παῖδα
863 600 1026 668 οὗτος
1065 606 1126 658 ἐν
1164 606 1380 668 τούτοις
1427 607 1622 669 ὄψεταί
1667 627 1756 676 με,
1802 609 1904 677 τὴν

211 693 270 749 δὲ
319 697 502 748 οἰκίαν
550 694 712 764 ἐχέτω
760 691 886 746 καθ’
934 694 1105 747 αὑτὸν
1151 694 1242 747 καὶ
1288 698 1636 765 κληρονόμον
1686 699 1902 764 ζητείτω

210 787 449 854 χρηστόν
501 803 625 837 τινα
671 782 761 836 ’καὶ
810 782 1089 851 σώφρονα.
1137 783 1333 837 πολλοὶ
1384 782 1445 837 δὲ
1498 783 1760 853 Ἀθήνησι
1813 786 1902 838 καὶ

121 878 242 922 RIV
260 883 346 923 400
394 873 526 935 ἴσως
563 873 708 941 πλὴν
747 871 881 938 ἐμοῦ
940 873 945 941 Ι
1002 873 1215 935 πάντες.
1254 874 1309 925 τί
1346 876 1575 942 σαυτόν,
1624 875 1904 940 ἄνθρωπε,

209 963 610 1031 καταισχύνεις;
651 964 708 1013 τί
733 970 846 1013 τῶν
878 962 1112 1015 ὀνειδῶν
1145 957 1222 1014 ὧν
1255 961 1564 1031 ἀπήλλαξας
1596 962 1695 1015 τὸν
1730 955 1902 1030 οἷκον,

143 1074 186 1105 10
209 1058 380 1104 ταῦτα
418 1052 586 1104 πάλιν
633 1058 815 1122 σαυτῷ
863 1051 1199 1119 περιάπτεις;
1247 1051 1610 1120 εὐδοκίμησας
1657 1051 1903 1119 ἐκβαλών

208 1160 273 1207 με
314 1138 452 1209 [καὶ]
494 1138 837 1207 διαφύλαττέ
871 1153 959 1193 σοι
1000 1141 1100 1208 τὴν
1141 1139 1319 1203 δόξαν.

321 1227 407 1281 39.
442 1226 597 1280 Ἀλλὰ
631 1226 882 1290 δέδοικας
913 1231 985 1296 μή
1019 1249 1069 1280 τι
1101 1229 1250 1295 παρὰ
1281 1237 1392 1281 τῶν
1423 1235 1575 1281 θεῶν
1607 1230 1699 1282 διὰ
1732 1237 1902 1282 ταῦτα

208 1337 300 1386 μοι
340 1316 644 1386 προσπέσῃς
693 1318 739 1369 εἰ
779 1316 881 1383 μέν
921 1331 981 1369 σε
1020 1317 1463 1385 προύπηλάκιζον
1503 1316 1535 1385 ἢ
1574 1327 1751 1380 κακῶς
1789 1315 1902 1371 ἔλε-

210 1427 311 1475 γον
358 1405 391 1474 ἢ
438 1408 568 1468 τοὺς
613 1406 904 1474 πράγματά
956 1421 1043 1458 σοι
1098 1405 1434 1475 παρέξοντας
1486 1410 1715 1474 καθίην,
1771 1412 1901 1469 ἴσως

143 1518 185 1550 15
209 1492 309 1562 μὲν
364 1491 482 1548 οὐδ’
540 1493 609 1548 ἄν
661 1497 783 1547 τότε
836 1493 960 1562 περὶ
1016 1494 1222 1563 πατέρα
1277 1495 1615 1564 ἡμάρτανον,
1671 1497 1740 1548 σὺ
1795 1496 1898 1564 γὰρ

207 1591 370 1637 τοῦτο
411 1582 696 1652 ἐξήλειψας
733 1584 795 1636 τὸ
837 1585 1056 1636 δίκαιον
1107 1584 1199 1636 διὰ
1238 1591 1338 1636 τοῦ
1378 1585 1708 1648 δικάζοντος.
1756 1586 1900 1653 πλὴν

210 1674 393 1742 δῶμεν
432 1671 521 1725 ἀπ’
571 1672 798 1726 ἐκείνων
838 1671 907 1724 ἂν
946 1671 1209 1740 γενέσθαι
1249 1674 1374 1725 τινὰ
1412 1674 1558 1742 παρὰ
1598 1682 1708 1725 τῶν
1746 1677 1901 1726 θεῶν

208 1761 399 1831 ὀργήν,
447 1764 494 1814 εἰ
535 1758 595 1814 δὲ
636 1761 697 1814 ἐν
736 1755 820 1824 οἷς
859 1781 923 1828 με
964 1764 1032 1814 σὺ
1073 1761 1421 1829 κατέστησας,
1461 1770 1631 1814 ταῦτα
1671 1762 1899 1829 ἀκίνητα

209 1850 493 1918 φυλάττω,
541 1858 653 1912 πῶς
691 1858 855 1902 τοῦτο
895 1859 1011 1910 τοῖς
1055 1855 1213 1913 θεοῖς
1258 1850 1442 1918 ἀηδές;
1491 1852 1678 1904 δεινὸν
1725 1852 1784 1904 τὸ
1825 1852 1897 1919 μὴ

142 1962 184 1993 20
208 1939 549 2007 χαρίσασθαί
586 1952 696 2008 σοις
735 1939 796 1990 τὸ
838 1939 898 1991 δὲ
937 1939 1037 2006 τὴν
1077 1938 1281 2008 μητέρα
1319 1940 1627 2008 προδοῦναι
1666 1941 1767 2008 τὴν
1807 1940 1899 1991 διὰ

207 2029 307 2107 τὴν
348 2024 425 2080 ἐπ’
475 2026 593 2094 ἐμοὶ
634 2029 815 2095 λύπην
854 2028 1259 2081 ἀποθανοῦσαν
1299 2028 1365 2081 οὐ
1407 2030 1616 2090 δεινόνς
1657 2028 1689 2097 ἢ
1728 2036 1898 2080 ταῦτα

327 2222 379 2260 21
417 2217 472 2261 cf.
506 2233 550 2273 p.
577 2222 677 2272 491,
697 2223 736 2260 3.
786 2217 906 2261 Plut.
939 2217 1097 2261 Them.
1126 2224 1167 2271 2,
1186 2222 1224 2261 6.
1274 2218 1426 2262 Valer.
1461 2219 1581 2262 Max.
1609 2218 1672 2261 VI
1696 2223 1720 2261 9
1754 2221 1842 2262 ext.
1870 2224 1896 2261 2

326 2401 351 2439 2
386 2394 494 2440 οὐδὲ
520 2397 564 2440 Β
699 2400 723 2438 3
755 2394 980 2451 τιμωρίαν
1014 2395 1178 2451 scripsi
1211 2408 1235 2439 e
1260 2395 1426 2447 LLau,
1459 2397 1513 2439 ut
1545 2396 1649 2439 coni
1681 2395 1837 2438 Gasda

205 2453 425 2511 τιμωρίας
451 2454 569 2499 CBI
706 2458 731 2496 4
765 2453 899 2504 ἄλλος
931 2468 1005 2497 om
1031 2455 1139 2498 Lau
1188 2456 1194 2510 Ι
1246 2453 1470 2510 ἐπηρεάζῃ
1499 2455 1580 2500 CB
1716 2459 1741 2497 6
1773 2454 1890 2498 καθ’

207 2514 350 2558 αὑτὸν
383 2514 547 2570 scripsi
617 2510 719 2557 κατ’
758 2513 902 2557 αὐτὸν
932 2513 1042 2556 libri
1076 2513 1166 2556 edd
1310 2518 1335 2555 8
1368 2515 1553 2570 χρηστοὶ
1586 2515 1692 2557 ante
1723 2514 1896 2570 πάντες

206 2574 242 2616 Ι
356 2577 411 2616 10
443 2580 589 2616 ταῦτα
622 2587 695 2616 om
721 2573 753 2615 Ι
777 2574 782 2627 1
812 2576 962 2630 σαυτῷ
997 2572 1160 2628 scripsi
1193 2586 1217 2615 e
1245 2572 1438 2616 CBLau
1499 2576 1674 2630 σεαυτῷ
1699 2572 1779 2617 LI
1803 2572 1894 2616 edd

251 2631 482 2689 ἐκβάλλων
502 2632 538 2676 Ο
658 2636 708 2674 11
737 2631 815 2674 καὶ
840 2631 887 2673 in
913 2630 1020 2687 μένε
1046 2645 1146 2675 corr
1162 2631 1211 2675 P
1273 2645 1346 2674 om
1368 2631 1415 2674 in
1439 2645 1515 2676 ras
1544 2636 1565 2674 1
1591 2631 1671 2675 litt
1689 2631 1731 2674 L
1786 2646 1893 2675 ean-

207 2689 374 2733 cellavi
402 2693 408 2748 Ι
437 2690 719 2746 διαφύλαττέ
750 2705 821 2734 σοι
854 2690 1015 2747 scripsi
1078 2690 1403 2747 διαφυλάττων
1429 2691 1504 2735 ἔσο
1530 2693 1575 2735 Β
1636 2690 1892 2743 διαφυλάτ-

205 2766 295 2792 των
324 2749 390 2794 CI
447 2749 730 2806 διαφύλαττε
752 2749 907 2793 LLau
939 2750 1029 2792 edd
1154 2755 1206 2792 12
1231 2757 1453 2804 παρατῶν
1475 2751 1510 2792 Ι
1546 2752 1551 2805 l
1594 2751 1822 2793 διαταῦτα
1846 2751 1893 2793 Β

327 2814 381 2851 14
407 2822 479 2852 σοι
511 2822 586 2851 om
612 2808 650 2851 C
673 2811 679 2863 Ι
706 2807 997 2860 καθέξοντας
1020 2810 1054 2852 Ι
1074 2811 1080 2863 1
1108 2807 1298 2853 καθίειν
1323 2811 1368 2853 Β
1492 2813 1545 2851 15
1577 2810 1683 2863 περὶ
1713 2806 1893 2863 πατέρα

207 2881 281 2910 om
306 2869 339 2910 I
455 2871 506 2910 17
542 2864 628 2910 ἀπ’
664 2867 829 2923 scripsi
891 2865 966 2912 ἐπ’
1002 2867 1110 2911 libri
1143 2868 1232 2911 edd
1368 2872 1420 2910 18
1447 2867 1492 2911 δ’
1521 2868 1566 2910 Β
1697 2873 1748 2911 19
1782 2869 1891 2911 ante

207 2925 418 2980 φυλάττω
443 2941 517 2969 ras
543 2931 568 2969 4
594 2925 674 2969 litt
697 2927 730 2968 I
752 2927 757 2985 Ι
785 2925 872 2982 γὰρ
898 2929 1003 2982 post·
1028 2927 1186 2970 δεινὸν
1210 2928 1245 2970 Ι
1360 2933 1408 2969 21
1449 2923 1526 2982 ε’μὲ
1551 2928 1585 2969 Ι
