<?xml version="1.0" encoding="UTF-8"?>
<!DOCTYPE html PUBLIC "-//W3C//DTD XHTML 1.0 Transitional//EN"
    "http://www.w3.org/TR/xhtml1/DTD/xhtml1-transitional.dtd">
<html xmlns="http://www.w3.org/1999/xhtml" xml:lang="en" lang="en">
 <head>
  <title>
</title>
<meta http-equiv="Content-Type" content="text/html;charset=utf-8" />
  <meta name='ocr-system' content='tesseract 3.04.00' />
  <meta name='ocr-capabilities' content='ocr_page ocr_carea ocr_par ocr_line ocrx_word'/>
</head>
<body>
  <div class='ocr_page' id='page_1' title='image "./operarecensuitri05libauoft/operarecensuitri05libauoft_0012.png"; bbox 0 0 2054 3192; ppageno 0'>
   <div class='ocr_carea' id='block_1_1' title="bbox 191 143 1380 196">
    <p class='ocr_par' dir='ltr' id='par_1_1' title="bbox 191 143 1380 196">
     <span class='ocr_line' id='line_1_1' title="bbox 191 143 1380 196; baseline 0.003 -12"><span class='ocrx_word' id='word_1_1' title='bbox 191 145 225 196; x_wconf 78' lang='lat'><em>2</em></span> <span class='ocrx_word' id='word_1_2' title='bbox 678 143 906 187; x_wconf 85' lang='lat' dir='ltr'>LIBANII</span> <span class='ocrx_word' id='word_1_3' title='bbox 937 143 1327 189; x_wconf 88' lang='lat' dir='ltr'>DECLAMATIO</span> <span class='ocrx_word' id='word_1_4' title='bbox 1360 145 1380 187; x_wconf 94' lang='grc'><strong>1</strong></span> 
     </span>
    </p>
   </div>
   <div class='ocr_carea' id='block_1_2' title="bbox 182 283 1892 2415">
    <p class='ocr_par' dir='ltr' id='par_1_2' title="bbox 183 283 1892 2415">
     <span class='ocr_line' id='line_1_2' title="bbox 190 283 1882 348; baseline 0.001 -16"><span class='ocrx_word' id='word_1_5' title='bbox 190 285 336 332; x_wconf 89' lang='lat' dir='ltr'><strong>modo</strong></span> <span class='ocrx_word' id='word_1_6' title='bbox 378 284 537 332; x_wconf 88' lang='lat' dir='ltr'><strong>obiter</strong></span> <span class='ocrx_word' id='word_1_7' title='bbox 568 284 785 346; x_wconf 73' lang='lat' dir='ltr'><strong>respexit</strong></span> <span class='ocrx_word' id='word_1_8' title='bbox 815 283 961 332; x_wconf 88' lang='lat' dir='ltr'><strong>modo</strong></span> <span class='ocrx_word' id='word_1_9' title='bbox 994 286 1121 331; x_wconf 87' lang='lat' dir='ltr'><strong>tecte</strong></span> <span class='ocrx_word' id='word_1_10' title='bbox 1154 284 1476 348; x_wconf 83' lang='lat' dir='ltr'><strong>significavit,</strong></span> <span class='ocrx_word' id='word_1_11' title='bbox 1507 301 1662 347; x_wconf 90' lang='lat' dir='ltr'><strong>paene</strong></span> <span class='ocrx_word' id='word_1_12' title='bbox 1702 287 1760 334; x_wconf 90' lang='lat' dir='ltr'><strong>ut</strong></span> <span class='ocrx_word' id='word_1_13' title='bbox 1798 286 1882 334; x_wconf 93' lang='lat' dir='ltr'><strong>ob-</strong></span> 
     </span>
     <span class='ocr_line' id='line_1_3' title="bbox 192 352 1882 423; baseline 0 -16"><span class='ocrx_word' id='word_1_14' title='bbox 192 360 400 407; x_wconf 76' lang='lat' dir='ltr'><strong>scuritas</strong></span> <span class='ocrx_word' id='word_1_15' title='bbox 434 357 676 420; x_wconf 83' lang='lat' dir='ltr'>quaedam</span> <span class='ocrx_word' id='word_1_16' title='bbox 709 352 966 423; x_wconf 73' lang='lat' dir='ltr'><strong>oriatur1).</strong></span> <span class='ocrx_word' id='word_1_17' title='bbox 1021 358 1175 405; x_wconf 87' lang='lat' dir='ltr'><strong>Nulla</strong></span> <span class='ocrx_word' id='word_1_18' title='bbox 1207 361 1388 419; x_wconf 87' lang='lat' dir='ltr'><strong>autem,</strong></span> <span class='ocrx_word' id='word_1_19' title='bbox 1415 361 1657 421; x_wconf 89' lang='lat' dir='ltr'><strong>quatenus</strong></span> <span class='ocrx_word' id='word_1_20' title='bbox 1686 360 1882 422; x_wconf 87' lang='lat' dir='ltr'><strong>scimus,</strong></span> 
     </span>
     <span class='ocr_line' id='line_1_4' title="bbox 193 430 1883 496; baseline 0.001 -16"><span class='ocrx_word' id='word_1_21' title='bbox 193 434 293 480; x_wconf 87' lang='lat' dir='ltr'><strong>alia</strong></span> <span class='ocrx_word' id='word_1_22' title='bbox 325 433 425 479; x_wconf 90' lang='lat' dir='ltr'><strong>fuit</strong></span> <span class='ocrx_word' id='word_1_23' title='bbox 455 431 721 496; x_wconf 73' lang='grc' dir='ltr'><em>κατηγορία</em></span> <span class='ocrx_word' id='word_1_24' title='bbox 754 438 841 479; x_wconf 83' lang='grc' dir='ltr'><strong><em>τοῦ</em></strong></span> <span class='ocrx_word' id='word_1_25' title='bbox 874 430 1171 496; x_wconf 80' lang='grc' dir='ltr'><strong><em>Σωκράτους</em></strong></span> <span class='ocrx_word' id='word_1_26' title='bbox 1211 432 1309 480; x_wconf 85' lang='grc'><strong>11131</strong></span> <span class='ocrx_word' id='word_1_27' title='bbox 1349 449 1498 495; x_wconf 87' lang='lat' dir='ltr'><strong>quam</strong></span> <span class='ocrx_word' id='word_1_28' title='bbox 1529 433 1883 495; x_wconf 74' lang='lat' dir='ltr'><strong>Polycrates</strong></span> 
     </span>
     <span class='ocr_line' id='line_1_5' title="bbox 192 505 1882 568; baseline 0.001 -14"><span class='ocrx_word' id='word_1_29' title='bbox 192 507 476 568; x_wconf 82' lang='lat' dir='ltr'><strong>scripserat,</strong></span> <span class='ocrx_word' id='word_1_30' title='bbox 519 521 823 568; x_wconf 88' lang='lat' dir='ltr'><strong>quamquam</strong></span> <span class='ocrx_word' id='word_1_31' title='bbox 860 505 914 552; x_wconf 88' lang='lat' dir='ltr'><strong>id</strong></span> <span class='ocrx_word' id='word_1_32' title='bbox 946 522 970 552; x_wconf 94' lang='lat' dir='ltr'><strong>e</strong></span> <span class='ocrx_word' id='word_1_33' title='bbox 1002 506 1164 553; x_wconf 87' lang='lat' dir='ltr'><strong>verbis</strong></span> <span class='ocrx_word' id='word_1_34' title='bbox 1197 506 1397 554; x_wconf 90' lang='lat' dir='ltr'><strong>Aeliani</strong></span> <span class='ocrx_word' id='word_1_35' title='bbox 1427 523 1529 555; x_wconf 86' lang='lat' dir='ltr'><strong>var.</strong></span> <span class='ocrx_word' id='word_1_36' title='bbox 1562 507 1675 555; x_wconf 89' lang='lat' dir='ltr'><strong>hist.</strong></span> <span class='ocrx_word' id='word_1_37' title='bbox 1707 508 1779 555; x_wconf 91' lang='lat' dir='ltr'><strong>XI</strong></span> <span class='ocrx_word' id='word_1_38' title='bbox 1815 509 1882 556; x_wconf 89' lang='lat'><strong>10</strong></span> 
     </span>
     <span class='ocr_line' id='line_1_6' title="bbox 194 573 1883 644; baseline 0.001 -16"><span class='ocrx_word' id='word_1_39' title='bbox 194 580 381 638; x_wconf 88' lang='grc' dir='ltr'><strong><em>Ζωίλος</em></strong></span> <span class='ocrx_word' id='word_1_40' title='bbox 406 579 759 644; x_wconf 73' lang='grc' dir='ltr'><strong><em>Πολυκράτους</em></strong></span> <span class='ocrx_word' id='word_1_41' title='bbox 792 575 880 643; x_wconf 81' lang='grc' dir='ltr'><strong>μὲν</strong></span> <span class='ocrx_word' id='word_1_42' title='bbox 905 577 1147 643; x_wconf 78' lang='grc' dir='ltr'><strong><em>ἀκουστὴς</em></strong></span> <span class='ocrx_word' id='word_1_43' title='bbox 1180 577 1383 644; x_wconf 80' lang='grc' dir='ltr'><strong><em>ἐγένετο,</em></strong></span> <span class='ocrx_word' id='word_1_44' title='bbox 1409 573 1552 639; x_wconf 79' lang='grc' dir='ltr'><strong><em>οὗτος</em></strong></span> <span class='ocrx_word' id='word_1_45' title='bbox 1584 577 1637 629; x_wconf 82' lang='grc' dir='ltr'><strong>δὲ</strong></span> <span class='ocrx_word' id='word_1_46' title='bbox 1666 578 1691 630; x_wconf 85' lang='grc' dir='ltr'><em>ὅ</em></span> <span class='ocrx_word' id='word_1_47' title='bbox 1719 583 1883 630; x_wconf 82' lang='grc' dir='ltr'><strong><em>Πολυ-</em></strong></span> 
     </span>
     <span class='ocr_line' id='line_1_7' title="bbox 191 651 1883 720; baseline 0 -17"><span class='ocrx_word' id='word_1_48' title='bbox 191 653 371 719; x_wconf 86' lang='grc' dir='ltr'><strong><em>κράτης</em></strong></span> <span class='ocrx_word' id='word_1_49' title='bbox 403 652 486 702; x_wconf 84' lang='grc' dir='ltr'><strong>καὶ</strong></span> <span class='ocrx_word' id='word_1_50' title='bbox 517 651 607 716; x_wconf 78' lang='grc' dir='ltr'><strong>τὴν</strong></span> <span class='ocrx_word' id='word_1_51' title='bbox 630 652 928 718; x_wconf 79' lang='grc' dir='ltr'><strong><em>κατηγορίαν</em></strong></span> <span class='ocrx_word' id='word_1_52' title='bbox 952 651 1134 718; x_wconf 77' lang='grc' dir='ltr'><strong><em>ἔγραψε</em></strong></span> <span class='ocrx_word' id='word_1_53' title='bbox 1158 653 1248 716; x_wconf 84' lang='grc' dir='ltr'><strong>τὴν</strong></span> <span class='ocrx_word' id='word_1_54' title='bbox 1279 652 1402 702; x_wconf 85' lang='grc' dir='ltr'><strong><em>κατὰ</em></strong></span> <span class='ocrx_word' id='word_1_55' title='bbox 1426 654 1724 720; x_wconf 75' lang='grc' dir='ltr'><strong><em>Σωκράτους</em></strong></span> <span class='ocrx_word' id='word_1_56' title='bbox 1750 657 1883 703; x_wconf 89' lang='lat' dir='ltr'><strong>certo</strong></span> 
     </span>
     <span class='ocr_line' id='line_1_8' title="bbox 193 721 1884 791; baseline 0 -15"><span class='ocrx_word' id='word_1_57' title='bbox 193 729 425 791; x_wconf 84' lang='lat' dir='ltr'><strong>colligere</strong></span> <span class='ocrx_word' id='word_1_58' title='bbox 461 743 559 775; x_wconf 90' lang='lat' dir='ltr'><strong>non</strong></span> <span class='ocrx_word' id='word_1_59' title='bbox 591 721 780 775; x_wconf 73' lang='lat' dir='ltr'><strong>licet2).</strong></span> <span class='ocrx_word' id='word_1_60' title='bbox 842 727 938 774; x_wconf 92' lang='lat' dir='ltr'><strong>Illa</strong></span> <span class='ocrx_word' id='word_1_61' title='bbox 972 729 1138 775; x_wconf 90' lang='lat' dir='ltr'><strong>autem</strong></span> <span class='ocrx_word' id='word_1_62' title='bbox 1169 743 1269 774; x_wconf 90' lang='lat' dir='ltr'><strong>non</strong></span> <span class='ocrx_word' id='word_1_63' title='bbox 1298 744 1469 776; x_wconf 88' lang='lat' dir='ltr'><strong>revera</strong></span> <span class='ocrx_word' id='word_1_64' title='bbox 1500 730 1554 776; x_wconf 93' lang='lat' dir='ltr'><strong>in</strong></span> <span class='ocrx_word' id='word_1_65' title='bbox 1584 729 1767 776; x_wconf 88' lang='lat' dir='ltr'><strong>iudicio</strong></span> <span class='ocrx_word' id='word_1_66' title='bbox 1797 730 1884 777; x_wconf 86' lang='lat' dir='ltr'><strong>ha-</strong></span> 
     </span>
     <span class='ocr_line' id='line_1_9' title="bbox 195 795 1884 869; baseline 0 -19"><span class='ocrx_word' id='word_1_67' title='bbox 195 802 317 864; x_wconf 85' lang='lat' dir='ltr'><strong>bita,</strong></span> <span class='ocrx_word' id='word_1_68' title='bbox 335 801 421 850; x_wconf 88' lang='lat' dir='ltr'><strong>sed</strong></span> <span class='ocrx_word' id='word_1_69' title='bbox 443 804 617 863; x_wconf 91' lang='lat' dir='ltr'><strong>postea</strong></span> <span class='ocrx_word' id='word_1_70' title='bbox 643 801 759 849; x_wconf 84' lang='lat' dir='ltr'><strong>ficta</strong></span> <span class='ocrx_word' id='word_1_71' title='bbox 784 804 872 862; x_wconf 88' lang='lat' dir='ltr'><strong>est,</strong></span> <span class='ocrx_word' id='word_1_72' title='bbox 896 803 955 848; x_wconf 88' lang='lat' dir='ltr'><strong>ut</strong></span> <span class='ocrx_word' id='word_1_73' title='bbox 977 803 1166 863; x_wconf 89' lang='lat' dir='ltr'><strong>primus</strong></span> <span class='ocrx_word' id='word_1_74' title='bbox 1184 801 1240 849; x_wconf 80' lang='lat' dir='ltr'><strong>R.</strong></span> <span class='ocrx_word' id='word_1_75' title='bbox 1259 802 1514 851; x_wconf 87' lang='lat' dir='ltr'><strong>Bentleius</strong></span> <span class='ocrx_word' id='word_1_76' title='bbox 1524 795 1567 869; x_wconf 75' lang='lat'><strong>3)</strong></span> <span class='ocrx_word' id='word_1_77' title='bbox 1593 803 1834 851; x_wconf 88' lang='lat' dir='ltr'><strong>conclusit</strong></span> <span class='ocrx_word' id='word_1_78' title='bbox 1859 819 1884 850; x_wconf 93' lang='lat' dir='ltr'><strong>e</strong></span> 
     </span>
     <span class='ocr_line' id='line_1_10' title="bbox 191 873 1892 945; baseline 0.001 -21"><span class='ocrx_word' id='word_1_79' title='bbox 191 876 355 925; x_wconf 87' lang='lat' dir='ltr'><strong>verbis</strong></span> <span class='ocrx_word' id='word_1_80' title='bbox 395 875 632 938; x_wconf 86' lang='lat' dir='ltr'><strong>Diogenis</strong></span> <span class='ocrx_word' id='word_1_81' title='bbox 664 875 717 923; x_wconf 91' lang='lat' dir='ltr'><strong>L.</strong></span> <span class='ocrx_word' id='word_1_82' title='bbox 744 875 796 922; x_wconf 86' lang='lat' dir='ltr'>H</span> <span class='ocrx_word' id='word_1_83' title='bbox 831 876 878 936; x_wconf 87' lang='lat'><strong>5,</strong></span> <span class='ocrx_word' id='word_1_84' title='bbox 907 876 989 935; x_wconf 88' lang='lat'><strong>18,</strong></span> <span class='ocrx_word' id='word_1_85' title='bbox 1017 877 1082 923; x_wconf 87' lang='lat'><strong>39</strong></span> <span class='ocrx_word' id='word_1_86' title='bbox 1130 876 1422 941; x_wconf 83' lang='grc' dir='ltr'><strong><em>Φαβωρῖνος</em></strong></span> <span class='ocrx_word' id='word_1_87' title='bbox 1463 873 1516 924; x_wconf 85' lang='grc' dir='ltr'><strong>δέ</strong></span> <span class='ocrx_word' id='word_1_88' title='bbox 1556 890 1712 939; x_wconf 82' lang='grc' dir='ltr'><strong><em>φησιν</em></strong></span> <span class='ocrx_word' id='word_1_89' title='bbox 1743 874 1794 925; x_wconf 83' lang='grc' dir='ltr'><strong>ἐν</strong></span> <span class='ocrx_word' id='word_1_90' title='bbox 1827 881 1892 945; x_wconf 81' lang='grc' dir='ltr'><strong><em>τῷ</em></strong></span> 
     </span>
     <span class='ocr_line' id='line_1_11' title="bbox 192 943 1885 1018; baseline 0.001 -19"><span class='ocrx_word' id='word_1_91' title='bbox 192 949 366 1018; x_wconf 81' lang='grc' dir='ltr'><strong><em>πρώτῳ</em></strong></span> <span class='ocrx_word' id='word_1_92' title='bbox 407 956 504 997; x_wconf 86' lang='grc' dir='ltr'><strong>τῶν</strong></span> <span class='ocrx_word' id='word_1_93' title='bbox 544 947 1067 1012; x_wconf 79' lang='grc' dir='ltr'><strong><em>ἀπομνημονευμάτων</em></strong></span> <span class='ocrx_word' id='word_1_94' title='bbox 1116 948 1180 1013; x_wconf 79' lang='grc' dir='ltr'><strong>μὴ</strong></span> <span class='ocrx_word' id='word_1_95' title='bbox 1229 943 1356 997; x_wconf 80' lang='grc' dir='ltr'><strong><em>εἶναι</em></strong></span> <span class='ocrx_word' id='word_1_96' title='bbox 1402 948 1569 1014; x_wconf 79' lang='grc' dir='ltr'><strong><em>ἀληθῆ</em></strong></span> <span class='ocrx_word' id='word_1_97' title='bbox 1614 949 1699 999; x_wconf 91' lang='grc' dir='ltr'><strong>τὸν</strong></span> <span class='ocrx_word' id='word_1_98' title='bbox 1737 948 1885 1016; x_wconf 89' lang='grc' dir='ltr'><strong><em>λόγον</em></strong></span> 
     </span>
     <span class='ocr_line' id='line_1_12' title="bbox 190 1020 1886 1089; baseline 0.001 -17"><span class='ocrx_word' id='word_1_99' title='bbox 190 1023 275 1073; x_wconf 90' lang='grc' dir='ltr'><strong>τὸν</strong></span> <span class='ocrx_word' id='word_1_100' title='bbox 310 1022 673 1088; x_wconf 80' lang='grc' dir='ltr'><strong><em>Πολυκράτους.</em></strong></span> <span class='ocrx_word' id='word_1_101' title='bbox 724 1021 777 1071; x_wconf 84' lang='grc' dir='ltr'><strong>ἐν</strong></span> <span class='ocrx_word' id='word_1_102' title='bbox 810 1020 940 1089; x_wconf 81' lang='grc' dir='ltr'><strong><em>αὐτῷ</em></strong></span> <span class='ocrx_word' id='word_1_103' title='bbox 966 1022 1077 1088; x_wconf 76' lang='grc' dir='ltr'><strong><em>γάρ,</em></strong></span> <span class='ocrx_word' id='word_1_104' title='bbox 1110 1023 1260 1086; x_wconf 82' lang='grc' dir='ltr'><strong><em>φησί,</em></strong></span> <span class='ocrx_word' id='word_1_105' title='bbox 1313 1024 1611 1087; x_wconf 84' lang='grc' dir='ltr'><strong><em>μνημονεύει</em></strong></span> <span class='ocrx_word' id='word_1_106' title='bbox 1649 1031 1747 1073; x_wconf 84' lang='grc' dir='ltr'><strong>τῶν</strong></span> <span class='ocrx_word' id='word_1_107' title='bbox 1787 1023 1886 1074; x_wconf 83' lang='grc' dir='ltr'><strong>ὑπὸ</strong></span> 
     </span>
     <span class='ocr_line' id='line_1_13' title="bbox 193 1094 1887 1163; baseline 0.001 -17"><span class='ocrx_word' id='word_1_108' title='bbox 193 1097 430 1155; x_wconf 87' lang='grc' dir='ltr'><strong><em>Κόνωνος</em></strong></span> <span class='ocrx_word' id='word_1_109' title='bbox 462 1103 629 1162; x_wconf 81' lang='grc' dir='ltr'><strong><em>τειχῶν</em></strong></span> <span class='ocrx_word' id='word_1_110' title='bbox 670 1094 1076 1159; x_wconf 81' lang='grc' dir='ltr'><strong><em>ἀνασταθέντων,</em></strong></span> <span class='ocrx_word' id='word_1_111' title='bbox 1116 1117 1148 1144; x_wconf 92' lang='grc' dir='ltr'><strong><em>α</em></strong></span> <span class='ocrx_word' id='word_1_112' title='bbox 1187 1094 1388 1162; x_wconf 66' lang='grc' dir='ltr'><strong><em>γέγονεν</em></strong></span> <span class='ocrx_word' id='word_1_113' title='bbox 1427 1095 1480 1146; x_wconf 82' lang='grc' dir='ltr'><strong>ἐν</strong></span> <span class='ocrx_word' id='word_1_114' title='bbox 1520 1096 1672 1147; x_wconf 72' lang='grc' dir='ltr'><strong><em>ἔτεσιν</em></strong></span> <span class='ocrx_word' id='word_1_115' title='bbox 1703 1098 1761 1158; x_wconf 78' lang='grc' dir='ltr'><strong>ἐξ</strong></span> <span class='ocrx_word' id='word_1_116' title='bbox 1799 1105 1887 1163; x_wconf 80' lang='grc' dir='ltr'><strong>τῆς</strong></span> 
     </span>
     <span class='ocr_line' id='line_1_14' title="bbox 194 1168 1887 1236; baseline 0.001 -17"><span class='ocrx_word' id='word_1_117' title='bbox 194 1171 492 1236; x_wconf 83' lang='grc' dir='ltr'><strong><em>Σωκράτους</em></strong></span> <span class='ocrx_word' id='word_1_118' title='bbox 532 1173 752 1235; x_wconf 79' lang='grc' dir='ltr'><strong><em>τελευτῆς</em></strong></span> <span class='ocrx_word' id='word_1_119' title='bbox 793 1170 1009 1235; x_wconf 68' lang='grc' dir='ltr'><strong><em>ὕστερον.</em></strong></span> <span class='ocrx_word' id='word_1_120' title='bbox 1053 1168 1134 1218; x_wconf 83' lang='grc' dir='ltr'><strong>καὶ</strong></span> <span class='ocrx_word' id='word_1_121' title='bbox 1174 1169 1302 1219; x_wconf 78' lang='grc' dir='ltr'><strong><em>ἔστιν</em></strong></span> <span class='ocrx_word' id='word_1_122' title='bbox 1342 1170 1497 1230; x_wconf 74' lang='grc' dir='ltr'><strong><em>οὕτως</em></strong></span> <span class='ocrx_word' id='word_1_123' title='bbox 1537 1170 1659 1236; x_wconf 77' lang='grc' dir='ltr'><strong><em>ἕχον.</em></strong></span> <span class='ocrx_word' id='word_1_124' title='bbox 1721 1173 1887 1235; x_wconf 88' lang='lat' dir='ltr'><strong>Atque</strong></span> 
     </span>
     <span class='ocr_line' id='line_1_15' title="bbox 192 1245 1888 1308; baseline 0 -14"><span class='ocrx_word' id='word_1_125' title='bbox 192 1247 266 1294; x_wconf 90' lang='lat' dir='ltr'><strong>ita</strong></span> <span class='ocrx_word' id='word_1_126' title='bbox 292 1262 400 1294; x_wconf 91' lang='lat' dir='ltr'><strong>eam</strong></span> <span class='ocrx_word' id='word_1_127' title='bbox 423 1245 591 1293; x_wconf 91' lang='lat' dir='ltr'><strong>fictam</strong></span> <span class='ocrx_word' id='word_1_128' title='bbox 616 1260 720 1293; x_wconf 89' lang='lat' dir='ltr'><strong>esse</strong></span> <span class='ocrx_word' id='word_1_129' title='bbox 744 1261 843 1292; x_wconf 91' lang='lat' dir='ltr'><strong>non</strong></span> <span class='ocrx_word' id='word_1_130' title='bbox 867 1247 924 1292; x_wconf 92' lang='lat' dir='ltr'><strong>ut</strong></span> <span class='ocrx_word' id='word_1_131' title='bbox 947 1245 1066 1307; x_wconf 86' lang='lat' dir='ltr'><strong>ipse,</strong></span> <span class='ocrx_word' id='word_1_132' title='bbox 1093 1245 1175 1293; x_wconf 90' lang='lat' dir='ltr'><strong>sed</strong></span> <span class='ocrx_word' id='word_1_133' title='bbox 1199 1245 1396 1308; x_wconf 85' lang='lat' dir='ltr'><strong>Anytus</strong></span> <span class='ocrx_word' id='word_1_134' title='bbox 1420 1246 1709 1308; x_wconf 84' lang='lat' dir='ltr'><strong>loqueretur</strong></span> <span class='ocrx_word' id='word_1_135' title='bbox 1732 1262 1888 1308; x_wconf 88' lang='lat' dir='ltr'><strong>paene</strong></span> 
     </span>
     <span class='ocr_line' id='line_1_16' title="bbox 195 1319 1884 1384; baseline 0 -16"><span class='ocrx_word' id='word_1_136' title='bbox 195 1322 383 1368; x_wconf 89' lang='lat' dir='ltr'><strong>certum</strong></span> <span class='ocrx_word' id='word_1_137' title='bbox 421 1319 479 1367; x_wconf 90' lang='lat' dir='ltr'><strong>fit</strong></span> <span class='ocrx_word' id='word_1_138' title='bbox 517 1319 679 1367; x_wconf 85' lang='lat' dir='ltr'><strong>verbis</strong></span> <span class='ocrx_word' id='word_1_139' title='bbox 721 1334 847 1381; x_wconf 89' lang='lat' dir='ltr'><strong>quae</strong></span> <span class='ocrx_word' id='word_1_140' title='bbox 886 1319 962 1367; x_wconf 89' lang='lat' dir='ltr'><strong>his</strong></span> <span class='ocrx_word' id='word_1_141' title='bbox 1005 1319 1302 1367; x_wconf 82' lang='lat' dir='ltr'><strong>antecedunt</strong></span> <span class='ocrx_word' id='word_1_142' title='bbox 1342 1320 1473 1381; x_wconf 88' lang='lat' dir='ltr'><strong>apud</strong></span> <span class='ocrx_word' id='word_1_143' title='bbox 1511 1320 1784 1384; x_wconf 88' lang='lat' dir='ltr'><strong>Diogenem</strong></span> <span class='ocrx_word' id='word_1_144' title='bbox 1817 1322 1884 1368; x_wconf 85' lang='lat'><strong>38</strong></span> 
     </span>
     <span class='ocr_line' id='line_1_17' title="bbox 195 1390 1888 1459; baseline 0 -17"><span class='ocrx_word' id='word_1_145' title='bbox 195 1391 472 1459; x_wconf 83' lang='grc' dir='ltr'><strong><em>συνέγραψε</em></strong></span> <span class='ocrx_word' id='word_1_146' title='bbox 513 1390 564 1441; x_wconf 80' lang='grc' dir='ltr'><strong>δὲ</strong></span> <span class='ocrx_word' id='word_1_147' title='bbox 603 1392 688 1442; x_wconf 93' lang='grc' dir='ltr'><strong>τὸν</strong></span> <span class='ocrx_word' id='word_1_148' title='bbox 727 1391 874 1458; x_wconf 89' lang='grc' dir='ltr'><strong><em>λόγον</em></strong></span> <span class='ocrx_word' id='word_1_149' title='bbox 907 1392 1231 1456; x_wconf 84' lang='grc' dir='ltr'><strong><em>Πολυκράτης</em></strong></span> <span class='ocrx_word' id='word_1_150' title='bbox 1263 1391 1288 1442; x_wconf 84' lang='grc' dir='ltr'><em>ὅ</em></span> <span class='ocrx_word' id='word_1_151' title='bbox 1322 1392 1582 1458; x_wconf 82' lang='grc' dir='ltr'><strong><em>σοφιστής,</em></strong></span> <span class='ocrx_word' id='word_1_152' title='bbox 1627 1393 1692 1453; x_wconf 78' lang='grc' dir='ltr'><strong><em>ὥς</em></strong></span> <span class='ocrx_word' id='word_1_153' title='bbox 1733 1408 1888 1457; x_wconf 85' lang='grc' dir='ltr'><strong><em>φησιν</em></strong></span> 
     </span>
     <span class='ocr_line' id='line_1_18' title="bbox 182 1462 1889 1534; baseline 0 -18"><span class='ocrx_word' id='word_1_154' title='bbox 182 1462 479 1534; x_wconf 66' lang='grc' dir='ltr'><strong><em>’Έρμιππος,</em></strong></span> <span class='ocrx_word' id='word_1_155' title='bbox 510 1486 542 1530; x_wconf 84' lang='grc' dir='ltr'><strong><em>η</em></strong></span> <span class='ocrx_word' id='word_1_156' title='bbox 564 1462 785 1527; x_wconf 78' lang='grc' dir='ltr'><strong><em>Ἄνυτος,</em></strong></span> <span class='ocrx_word' id='word_1_157' title='bbox 818 1465 884 1525; x_wconf 82' lang='grc' dir='ltr'><strong><em>ὥς</em></strong></span> <span class='ocrx_word' id='word_1_158' title='bbox 914 1485 1040 1525; x_wconf 85' lang='grc' dir='ltr'><strong><em>τινες</em></strong></span> <span class='ocrx_word' id='word_1_159' title='bbox 1073 1467 1267 1516; x_wconf 89' lang='lat' dir='ltr'><strong>collatis</strong></span> <span class='ocrx_word' id='word_1_160' title='bbox 1299 1482 1411 1515; x_wconf 91' lang='lat' dir='ltr'><strong>cum</strong></span> <span class='ocrx_word' id='word_1_161' title='bbox 1442 1469 1555 1517; x_wconf 86' lang='lat' dir='ltr'><strong>aliis</strong></span> <span class='ocrx_word' id='word_1_162' title='bbox 1590 1470 1889 1516; x_wconf 82' lang='lat' dir='ltr'><strong>testimoniis</strong></span> 
     </span>
     <span class='ocr_line' id='line_1_19' title="bbox 194 1535 1888 1608; baseline 0 -18"><span class='ocrx_word' id='word_1_163' title='bbox 194 1544 251 1590; x_wconf 90' lang='lat' dir='ltr'><strong>ut</strong></span> <span class='ocrx_word' id='word_1_164' title='bbox 283 1541 543 1589; x_wconf 83' lang='lat' dir='ltr'><strong>Themistii</strong></span> <span class='ocrx_word' id='word_1_165' title='bbox 576 1557 643 1589; x_wconf 86' lang='lat' dir='ltr'><strong>or.</strong></span> <span class='ocrx_word' id='word_1_166' title='bbox 677 1540 846 1588; x_wconf 89' lang='lat' dir='ltr'>XXIII</span> <span class='ocrx_word' id='word_1_167' title='bbox 875 1558 922 1602; x_wconf 90' lang='lat' dir='ltr'><strong>p.</strong></span> <span class='ocrx_word' id='word_1_168' title='bbox 951 1540 1103 1589; x_wconf 81' lang='grc'><strong>2961)</strong></span> <span class='ocrx_word' id='word_1_169' title='bbox 1137 1541 1189 1589; x_wconf 84' lang='grc' dir='ltr'><strong>οῖ</strong></span> <span class='ocrx_word' id='word_1_170' title='bbox 1227 1539 1447 1589; x_wconf 79' lang='grc' dir='ltr'><strong><em>δικασταὶ</em></strong></span> <span class='ocrx_word' id='word_1_171' title='bbox 1486 1535 1566 1589; x_wconf 82' lang='grc' dir='ltr'><strong>ὑπ’</strong></span> <span class='ocrx_word' id='word_1_172' title='bbox 1601 1540 1888 1608; x_wconf 79' lang='grc' dir='ltr'><strong><em>ἀγνωμοσύ-</em></strong></span> 
     </span>
     <span class='ocr_line' id='line_1_20' title="bbox 195 1613 1889 1680; baseline 0 -16"><span class='ocrx_word' id='word_1_173' title='bbox 195 1635 287 1678; x_wconf 88' lang='grc' dir='ltr'><strong>νης</strong></span> <span class='ocrx_word' id='word_1_174' title='bbox 318 1615 370 1665; x_wconf 91' lang='grc' dir='ltr'><strong><em>τὸ</em></strong></span> <span class='ocrx_word' id='word_1_175' title='bbox 404 1614 679 1679; x_wconf 86' lang='grc' dir='ltr'><strong><em>παραυτίκα</em></strong></span> <span class='ocrx_word' id='word_1_176' title='bbox 711 1613 1098 1678; x_wconf 78' lang='grc' dir='ltr'><strong><em>ἐξηπατηθησαν</em></strong></span> <span class='ocrx_word' id='word_1_177' title='bbox 1133 1613 1215 1663; x_wconf 85' lang='grc' dir='ltr'><strong>καὶ</strong></span> <span class='ocrx_word' id='word_1_178' title='bbox 1254 1613 1625 1680; x_wconf 81' lang='grc' dir='ltr'><strong><em>ἕγοητεύθησαν</em></strong></span> <span class='ocrx_word' id='word_1_179' title='bbox 1664 1614 1761 1664; x_wconf 81' lang='grc' dir='ltr'><strong>ὑπὸ</strong></span> <span class='ocrx_word' id='word_1_180' title='bbox 1802 1622 1889 1664; x_wconf 85' lang='grc' dir='ltr'><strong><em>τοῦ</em></strong></span> 
     </span>
     <span class='ocr_line' id='line_1_21' title="bbox 198 1684 1888 1755; baseline 0 -17"><span class='ocrx_word' id='word_1_181' title='bbox 198 1689 345 1755; x_wconf 82' lang='grc' dir='ltr'><strong><em>λόγου</em></strong></span> <span class='ocrx_word' id='word_1_182' title='bbox 364 1685 422 1737; x_wconf 77' lang='grc' dir='ltr'><strong>ὃν</strong></span> <span class='ocrx_word' id='word_1_183' title='bbox 446 1686 720 1754; x_wconf 78' lang='grc' dir='ltr'><strong><em>ξυνέγραψε</em></strong></span> <span class='ocrx_word' id='word_1_184' title='bbox 746 1687 1084 1754; x_wconf 79' lang='grc' dir='ltr'><strong><em>Πολυκράτης,</em></strong></span> <span class='ocrx_word' id='word_1_185' title='bbox 1098 1684 1305 1747; x_wconf 82' lang='grc' dir='ltr'><strong><em>’Ἀνυτος</em></strong></span> <span class='ocrx_word' id='word_1_186' title='bbox 1329 1686 1381 1738; x_wconf 80' lang='grc' dir='ltr'><strong>δὲ</strong></span> <span class='ocrx_word' id='word_1_187' title='bbox 1405 1688 1728 1752; x_wconf 83' lang='grc' dir='ltr'><strong><em>ἐμισθώσατο,</em></strong></span> <span class='ocrx_word' id='word_1_188' title='bbox 1752 1690 1888 1738; x_wconf 88' lang='lat' dir='ltr'><strong>scho-</strong></span> 
     </span>
     <span class='ocr_line' id='line_1_22' title="bbox 195 1761 1888 1829; baseline 0 -17"><span class='ocrx_word' id='word_1_189' title='bbox 195 1765 372 1812; x_wconf 86' lang='lat' dir='ltr'><strong>liastae</strong></span> <span class='ocrx_word' id='word_1_190' title='bbox 406 1763 469 1811; x_wconf 88' lang='lat' dir='ltr'><strong>ad</strong></span> <span class='ocrx_word' id='word_1_191' title='bbox 506 1762 654 1811; x_wconf 90' lang='lat' dir='ltr'><strong>Isocr.</strong></span> <span class='ocrx_word' id='word_1_192' title='bbox 686 1763 848 1810; x_wconf 86' lang='lat' dir='ltr'><strong>Busir.</strong></span> <span class='ocrx_word' id='word_1_193' title='bbox 881 1769 1056 1811; x_wconf 84' lang='grc' dir='ltr'><strong><em>τοῦτον</em></strong></span> <span class='ocrx_word' id='word_1_194' title='bbox 1087 1761 1174 1811; x_wconf 88' lang='grc' dir='ltr'><strong>τὸν</strong></span> <span class='ocrx_word' id='word_1_195' title='bbox 1203 1761 1350 1828; x_wconf 84' lang='grc' dir='ltr'><strong><em>λόγον</em></strong></span> <span class='ocrx_word' id='word_1_196' title='bbox 1373 1762 1552 1828; x_wconf 83' lang='grc' dir='ltr'><strong><em>γράφει</em></strong></span> <span class='ocrx_word' id='word_1_197' title='bbox 1575 1763 1697 1829; x_wconf 88' lang='grc' dir='ltr'><strong><em>πρὸς</em></strong></span> <span class='ocrx_word' id='word_1_198' title='bbox 1723 1766 1888 1812; x_wconf 85' lang='grc' dir='ltr'><strong><em>Πολυ-</em></strong></span> 
     </span>
     <span class='ocr_line' id='line_1_23' title="bbox 196 1834 1889 1902; baseline 0.001 -17"><span class='ocrx_word' id='word_1_199' title='bbox 196 1836 347 1902; x_wconf 86' lang='grc' dir='ltr'><strong><em>κράτη</em></strong></span> <span class='ocrx_word' id='word_1_200' title='bbox 395 1835 504 1885; x_wconf 84' lang='grc' dir='ltr'><strong><em>τινὰ</em></strong></span> <span class='ocrx_word' id='word_1_201' title='bbox 555 1836 796 1899; x_wconf 84' lang='grc' dir='ltr'><strong><em>σοφιστήν</em></strong></span> <span class='ocrx_word' id='word_1_202' title='bbox 832 1863 904 1869; x_wconf 89' lang='grc'>-</span> <span class='ocrx_word' id='word_1_203' title='bbox 940 1835 1088 1895; x_wconf 78' lang='grc' dir='ltr'><strong><em>αὐτὸς</em></strong></span> <span class='ocrx_word' id='word_1_204' title='bbox 1126 1836 1218 1902; x_wconf 91' lang='grc' dir='ltr'><strong>γάρ</strong></span> <span class='ocrx_word' id='word_1_205' title='bbox 1268 1835 1397 1885; x_wconf 82' lang='grc' dir='ltr'><strong><em>ἐστιν</em></strong></span> <span class='ocrx_word' id='word_1_206' title='bbox 1438 1834 1462 1885; x_wconf 87' lang='grc' dir='ltr'><em>ὃ</em></span> <span class='ocrx_word' id='word_1_207' title='bbox 1502 1835 1765 1902; x_wconf 86' lang='grc' dir='ltr'><strong><em>παρασχὼν</em></strong></span> <span class='ocrx_word' id='word_1_208' title='bbox 1802 1835 1889 1886; x_wconf 89' lang='grc' dir='ltr'><strong>τὸν</strong></span> 
     </span>
     <span class='ocr_line' id='line_1_24' title="bbox 197 1908 1888 1976; baseline 0 -16"><span class='ocrx_word' id='word_1_209' title='bbox 197 1910 342 1976; x_wconf 90' lang='grc' dir='ltr'><strong><em>λόγον</em></strong></span> <span class='ocrx_word' id='word_1_210' title='bbox 374 1918 459 1974; x_wconf 78' lang='grc' dir='ltr'><strong>τῆς</strong></span> <span class='ocrx_word' id='word_1_211' title='bbox 490 1910 783 1976; x_wconf 83' lang='grc' dir='ltr'><strong><em>κατηγορίας</em></strong></span> <span class='ocrx_word' id='word_1_212' title='bbox 815 1910 1113 1976; x_wconf 84' lang='grc' dir='ltr'><strong><em>Σωκράτους</em></strong></span> <span class='ocrx_word' id='word_1_213' title='bbox 1152 1914 1254 1969; x_wconf 81' lang='grc' dir='ltr'><strong><em>τοῖς</em></strong></span> <span class='ocrx_word' id='word_1_214' title='bbox 1285 1909 1394 1975; x_wconf 84' lang='grc' dir='ltr'><strong><em>περὶ</em></strong></span> <span class='ocrx_word' id='word_1_215' title='bbox 1420 1908 1632 1960; x_wconf 78' lang='grc' dir='ltr'><strong><em>’Ἀνυτον</em></strong></span> <span class='ocrx_word' id='word_1_216' title='bbox 1663 1909 1745 1959; x_wconf 82' lang='grc' dir='ltr'><strong>καὶ</strong></span> <span class='ocrx_word' id='word_1_217' title='bbox 1777 1908 1888 1960; x_wconf 81' lang='grc' dir='ltr'><strong>Μέ-</strong></span> 
     </span>
     <span class='ocr_line' id='line_1_25' title="bbox 199 1982 1890 2054; baseline 0 -21"><span class='ocrx_word' id='word_1_218' title='bbox 199 1989 370 2048; x_wconf 73' lang='grc' dir='ltr'><strong><em>λητον,</em></strong></span> <span class='ocrx_word' id='word_1_219' title='bbox 404 1984 485 2032; x_wconf 84' lang='grc' dir='ltr'><strong>ἴνα</strong></span> <span class='ocrx_word' id='word_1_220' title='bbox 517 1982 874 2050; x_wconf 81' lang='grc' dir='ltr'><strong><em>κατηγορηθεὶς</em></strong></span> <span class='ocrx_word' id='word_1_221' title='bbox 906 1982 1166 2054; x_wconf 79' lang='grc' dir='ltr'><strong><em>ἀποθάνῃ,</em></strong></span> <span class='ocrx_word' id='word_1_222' title='bbox 1208 1984 1388 2033; x_wconf 84' lang='lat' dir='ltr'><strong>Suidae</strong></span> <span class='ocrx_word' id='word_1_223' title='bbox 1420 2001 1455 2033; x_wconf 90' lang='grc'><strong>3.</strong></span> <span class='ocrx_word' id='word_1_224' title='bbox 1492 2001 1532 2033; x_wconf 87' lang='lat' dir='ltr'><strong>v.</strong></span> <span class='ocrx_word' id='word_1_225' title='bbox 1566 1985 1890 2050; x_wconf 84' lang='grc' dir='ltr'><strong><em>Πολυκράτης</em></strong></span> 
     </span>
     <span class='ocr_line' id='line_1_26' title="bbox 183 2053 1888 2125; baseline 0.002 -21"><span class='ocrx_word' id='word_1_226' title='bbox 183 2053 465 2122; x_wconf 78' lang='grc' dir='ltr'><strong><em>,Ἀθηναῖος</em></strong></span> <span class='ocrx_word' id='word_1_227' title='bbox 497 2057 656 2123; x_wconf 82' lang='grc' dir='ltr'><strong><em>ρήτωρ</em></strong></span> <span class='ocrx_word' id='word_1_228' title='bbox 689 2057 848 2116; x_wconf 79' lang='grc' dir='ltr'><strong><em>δεινός</em></strong></span> <span class='ocrx_word' id='word_1_229' title='bbox 881 2076 927 2106; x_wconf 87' lang='grc' dir='ltr'><strong>τε</strong></span> <span class='ocrx_word' id='word_1_230' title='bbox 958 2056 1041 2106; x_wconf 84' lang='grc' dir='ltr'><strong>καὶ</strong></span> <span class='ocrx_word' id='word_1_231' title='bbox 1072 2057 1186 2117; x_wconf 91' lang='grc' dir='ltr'><strong><em>τοὺς</em></strong></span> <span class='ocrx_word' id='word_1_232' title='bbox 1226 2057 1345 2106; x_wconf 82' lang='grc' dir='ltr'><strong><em>κατὰ</em></strong></span> <span class='ocrx_word' id='word_1_233' title='bbox 1377 2058 1674 2125; x_wconf 87' lang='grc' dir='ltr'><strong><em>Σωκράτους</em></strong></span> <span class='ocrx_word' id='word_1_234' title='bbox 1713 2057 1888 2124; x_wconf 86' lang='grc' dir='ltr'><strong><em>λόγους</em></strong></span> 
     </span>
     <span class='ocr_line' id='line_1_27' title="bbox 200 2126 1888 2201; baseline -0.001 -20"><span class='ocrx_word' id='word_1_235' title='bbox 200 2131 291 2181; x_wconf 82' lang='grc' dir='ltr'><strong>δύο</strong></span> <span class='ocrx_word' id='word_1_236' title='bbox 320 2126 505 2180; x_wconf 79' lang='grc' dir='ltr'><strong><em>Ἀνύτω</em></strong></span> <span class='ocrx_word' id='word_1_237' title='bbox 537 2150 619 2179; x_wconf 82' lang='grc' dir='ltr'><strong>και</strong></span> <span class='ocrx_word' id='word_1_238' title='bbox 652 2131 867 2201; x_wconf 82' lang='grc' dir='ltr'><strong><em>Μελήτω</em></strong></span> <span class='ocrx_word' id='word_1_239' title='bbox 898 2131 1107 2197; x_wconf 80' lang='grc' dir='ltr'><strong><em>γράψας.</em></strong></span> <span class='ocrx_word' id='word_1_240' title='bbox 1169 2133 1236 2180; x_wconf 85' lang='lat' dir='ltr'><strong>Et</strong></span> <span class='ocrx_word' id='word_1_241' title='bbox 1272 2149 1442 2180; x_wconf 87' lang='lat' dir='ltr'><strong>revera</strong></span> <span class='ocrx_word' id='word_1_242' title='bbox 1480 2149 1639 2195; x_wconf 89' lang='lat' dir='ltr'><strong>pauca</strong></span> <span class='ocrx_word' id='word_1_243' title='bbox 1672 2149 1798 2194; x_wconf 90' lang='lat' dir='ltr'><strong>quae</strong></span> <span class='ocrx_word' id='word_1_244' title='bbox 1831 2149 1888 2180; x_wconf 84' lang='lat' dir='ltr'><strong>ex</strong></span> 
     </span>
     <span class='ocr_line' id='line_1_28' title="bbox 200 2182 1889 2273; baseline -0.001 -19"><span class='ocrx_word' id='word_1_245' title='bbox 200 2206 289 2254; x_wconf 90' lang='lat' dir='ltr'><strong>illa</strong></span> <span class='ocrx_word' id='word_1_246' title='bbox 320 2207 542 2254; x_wconf 89' lang='lat' dir='ltr'><strong>oratione</strong></span> <span class='ocrx_word' id='word_1_247' title='bbox 568 2206 632 2253; x_wconf 86' lang='lat' dir='ltr'><strong>ad</strong></span> <span class='ocrx_word' id='word_1_248' title='bbox 655 2222 741 2254; x_wconf 87' lang='lat' dir='ltr'><strong>nos</strong></span> <span class='ocrx_word' id='word_1_249' title='bbox 768 2182 1148 2273; x_wconf 69' lang='lat' dir='ltr'><strong>pervenerunt4)</strong></span> <span class='ocrx_word' id='word_1_250' title='bbox 1173 2206 1356 2254; x_wconf 90' lang='lat' dir='ltr'><strong>habent</strong></span> <span class='ocrx_word' id='word_1_251' title='bbox 1387 2222 1512 2268; x_wconf 90' lang='lat' dir='ltr'><strong>quae</strong></span> <span class='ocrx_word' id='word_1_252' title='bbox 1545 2222 1654 2254; x_wconf 90' lang='lat' dir='ltr'><strong>cum</strong></span> <span class='ocrx_word' id='word_1_253' title='bbox 1678 2206 1889 2254; x_wconf 86' lang='lat' dir='ltr'><strong>Libanio</strong></span> 
     </span>
     <span class='ocr_line' id='line_1_29' title="bbox 204 2279 1889 2343; baseline -0.002 -14"><span class='ocrx_word' id='word_1_254' title='bbox 204 2282 493 2343; x_wconf 84' lang='lat' dir='ltr'><strong>congruant.</strong></span> <span class='ocrx_word' id='word_1_255' title='bbox 532 2279 687 2327; x_wconf 89' lang='lat' dir='ltr'><strong>Nam</strong></span> <span class='ocrx_word' id='word_1_256' title='bbox 728 2280 861 2341; x_wconf 86' lang='lat' dir='ltr'><strong>quod</strong></span> <span class='ocrx_word' id='word_1_257' title='bbox 892 2279 1204 2341; x_wconf 84' lang='lat' dir='ltr'><strong>Polycratem</strong></span> <span class='ocrx_word' id='word_1_258' title='bbox 1241 2280 1291 2327; x_wconf 91' lang='lat' dir='ltr'><strong>in</strong></span> <span class='ocrx_word' id='word_1_259' title='bbox 1323 2282 1546 2328; x_wconf 88' lang='lat' dir='ltr'><strong>oratione</strong></span> <span class='ocrx_word' id='word_1_260' title='bbox 1578 2280 1889 2328; x_wconf 87' lang='lat' dir='ltr'><strong>Alcibiadem</strong></span> 
     </span>
     <span class='ocr_line' id='line_1_30' title="bbox 200 2352 1887 2415; baseline 0 -14"><span class='ocrx_word' id='word_1_261' title='bbox 200 2354 387 2401; x_wconf 90' lang='lat' dir='ltr'><strong>malum</strong></span> <span class='ocrx_word' id='word_1_262' title='bbox 420 2352 636 2401; x_wconf 85' lang='lat' dir='ltr'><strong>Socratis</strong></span> <span class='ocrx_word' id='word_1_263' title='bbox 684 2354 980 2415; x_wconf 87' lang='lat' dir='ltr'><strong>discipulum</strong></span> <span class='ocrx_word' id='word_1_264' title='bbox 1020 2354 1198 2401; x_wconf 84' lang='lat' dir='ltr'><strong>dixisse</strong></span> <span class='ocrx_word' id='word_1_265' title='bbox 1238 2356 1432 2401; x_wconf 89' lang='lat' dir='ltr'><strong>constat</strong></span> <span class='ocrx_word' id='word_1_266' title='bbox 1470 2354 1752 2402; x_wconf 88' lang='lat' dir='ltr'><strong>testimonio</strong></span> <span class='ocrx_word' id='word_1_267' title='bbox 1784 2353 1887 2402; x_wconf 91' lang='lat' dir='ltr'><strong>Iso·</strong></span> 
     </span>
    </p>
   </div>
   <div class='ocr_carea' id='block_1_3' title="bbox 204 2469 479 2473">
    <p class='ocr_par' dir='ltr' id='par_1_3' title="bbox 204 2469 479 2473">
     <span class='ocr_line' id='line_1_31' title="bbox 204 2469 479 2473; baseline 0 0"><span class='ocrx_word' id='word_1_268' title='bbox 204 2469 479 2473; x_wconf 95' lang='lat' dir='ltr'><strong> </strong></span> 
     </span>
    </p>
   </div>
   <div class='ocr_carea' id='block_1_4' title="bbox 204 2537 1887 2654">
    <p class='ocr_par' dir='ltr' id='par_1_4' title="bbox 204 2537 1887 2654">
     <span class='ocr_line' id='line_1_32' title="bbox 324 2537 1887 2595; baseline 0 -15"><span class='ocrx_word' id='word_1_269' title='bbox 324 2539 366 2594; x_wconf 82' lang='lat'><strong>1)</strong></span> <span class='ocrx_word' id='word_1_270' title='bbox 398 2537 498 2580; x_wconf 90' lang='lat' dir='ltr'><strong>Hac</strong></span> <span class='ocrx_word' id='word_1_271' title='bbox 536 2552 607 2591; x_wconf 82' lang='lat' dir='ltr'><strong>re,</strong></span> <span class='ocrx_word' id='word_1_272' title='bbox 650 2550 764 2592; x_wconf 85' lang='lat' dir='ltr'><strong>non,</strong></span> <span class='ocrx_word' id='word_1_273' title='bbox 803 2539 856 2580; x_wconf 88' lang='lat' dir='ltr'><strong>ut</strong></span> <span class='ocrx_word' id='word_1_274' title='bbox 887 2537 1119 2582; x_wconf 86' lang='lat' dir='ltr'><strong>Arnoldus</strong></span> <span class='ocrx_word' id='word_1_275' title='bbox 1151 2538 1260 2595; x_wconf 87' lang='lat' dir='ltr'><strong>Hug</strong></span> <span class='ocrx_word' id='word_1_276' title='bbox 1298 2538 1347 2581; x_wconf 92' lang='lat' dir='ltr'><strong>in</strong></span> <span class='ocrx_word' id='word_1_277' title='bbox 1387 2537 1777 2582; x_wconf 81' lang='lat' dir='ltr'><strong>commentatione</strong></span> <span class='ocrx_word' id='word_1_278' title='bbox 1816 2537 1887 2580; x_wconf 89' lang='lat' dir='ltr'><strong>in-</strong></span> 
     </span>
     <span class='ocr_line' id='line_1_33' title="bbox 204 2595 1887 2654; baseline 0.001 -15"><span class='ocrx_word' id='word_1_279' title='bbox 204 2596 399 2652; x_wconf 80' lang='lat' dir='ltr'><strong>scripta:</strong></span> <span class='ocrx_word' id='word_1_280' title='bbox 426 2598 520 2641; x_wconf 84' lang='lat' dir='ltr'><strong>Des</strong></span> <span class='ocrx_word' id='word_1_281' title='bbox 537 2596 745 2641; x_wconf 80' lang='lat' dir='ltr'><strong>Rhetor’s</strong></span> <span class='ocrx_word' id='word_1_282' title='bbox 770 2597 999 2641; x_wconf 73' lang='lat' dir='ltr'><strong>Libanius</strong></span> <span class='ocrx_word' id='word_1_283' title='bbox 1015 2598 1235 2654; x_wconf 74' lang='lat' dir='ltr'><strong>Apoloyie</strong></span> <span class='ocrx_word' id='word_1_284' title='bbox 1251 2598 1326 2642; x_wconf 81' lang='lat' dir='ltr'><strong>des</strong></span> <span class='ocrx_word' id='word_1_285' title='bbox 1343 2598 1558 2642; x_wconf 81' lang='lat' dir='ltr'><strong>Socrates.</strong></span> <span class='ocrx_word' id='word_1_286' title='bbox 1593 2596 1648 2640; x_wconf 90' lang='lat' dir='ltr'><strong>N.</strong></span> <span class='ocrx_word' id='word_1_287' title='bbox 1669 2595 1887 2640; x_wconf 86' lang='lat' dir='ltr'><strong>Schweiz.</strong></span> 
     </span>
    </p>
   </div>
   <div class='ocr_carea' id='block_1_5' title="bbox 205 2655 1889 2758">
    <p class='ocr_par' dir='ltr' id='par_1_5' title="bbox 205 2655 1889 2758">
     <span class='ocr_line' id='line_1_34' title="bbox 205 2655 1889 2758; baseline 0 -60"><span class='ocrx_word' id='word_1_288' title='bbox 205 2655 320 2758; x_wconf 49' lang='lat' dir='ltr'><strong>Mtgs.</strong></span> <span class='ocrx_word' id='word_1_289' title='bbox 347 2655 368 2698; x_wconf 97' lang='lat' dir='ltr'>I</span> <span class='ocrx_word' id='word_1_290' title='bbox 398 2670 443 2711; x_wconf 88' lang='lat' dir='ltr'><strong>p.</strong></span> <span class='ocrx_word' id='word_1_291' title='bbox 473 2659 554 2698; x_wconf 88' lang='lat'><strong>189</strong></span> <span class='ocrx_word' id='word_1_292' title='bbox 581 2655 776 2709; x_wconf 83' lang='lat' dir='ltr'><strong>censuit,</strong></span> <span class='ocrx_word' id='word_1_293' title='bbox 810 2655 1087 2713; x_wconf 84' lang='lat' dir='ltr'><strong>ambagibus</strong></span> <span class='ocrx_word' id='word_1_294' title='bbox 1113 2656 1417 2711; x_wconf 81' lang='lat' dir='ltr'><strong>expositionis</strong></span> <span class='ocrx_word' id='word_1_295' title='bbox 1450 2655 1709 2700; x_wconf 84' lang='lat' dir='ltr'><strong>obscuritas</strong></span> <span class='ocrx_word' id='word_1_296' title='bbox 1742 2655 1889 2711; x_wconf 86' lang='lat' dir='ltr'><strong>expli-</strong></span> 
     </span>
     <span class='ocr_line' id='line_1_35' title="bbox 205 2729 348 2758; baseline -0.007 0"><span class='ocrx_word' id='word_1_297' title='bbox 205 2729 258 2758; x_wconf 80' lang='lat' dir='ltr'><strong>ca</strong></span> <span class='ocrx_word' id='word_1_298' title='bbox 282 2729 348 2757; x_wconf 88' lang='lat' dir='ltr'><strong>ur.</strong></span> 
     </span>
    </p>
   </div>
   <div class='ocr_carea' id='block_1_6' title="bbox 324 2772 1342 2887">
    <p class='ocr_par' dir='ltr' id='par_1_6' title="bbox 324 2772 1342 2887">
     <span class='ocr_line' id='line_1_36' title="bbox 324 2772 1342 2829; baseline 0.001 -14"><span class='ocrx_word' id='word_1_299' title='bbox 324 2775 369 2829; x_wconf 85' lang='lat'><strong>2)</strong></span> <span class='ocrx_word' id='word_1_300' title='bbox 404 2772 468 2816; x_wconf 84' lang='lat' dir='ltr'><strong>Cf.</strong></span> <span class='ocrx_word' id='word_1_301' title='bbox 502 2773 555 2816; x_wconf 88' lang='lat' dir='ltr'><strong>R.</strong></span> <span class='ocrx_word' id='word_1_302' title='bbox 588 2772 743 2815; x_wconf 87' lang='lat' dir='ltr'><strong>Hirzel</strong></span> <span class='ocrx_word' id='word_1_303' title='bbox 774 2773 892 2816; x_wconf 85' lang='lat' dir='ltr'><strong>Mus.</strong></span> <span class='ocrx_word' id='word_1_304' title='bbox 917 2773 1065 2816; x_wconf 86' lang='lat' dir='ltr'><strong>Rhen.</strong></span> <span class='ocrx_word' id='word_1_305' title='bbox 1089 2772 1211 2815; x_wconf 92' lang='lat' dir='ltr'>XLII</span> <span class='ocrx_word' id='word_1_306' title='bbox 1243 2777 1342 2816; x_wconf 86' lang='lat'>241.</span> 
     </span>
     <span class='ocr_line' id='line_1_37' title="bbox 325 2831 1286 2887; baseline -0.001 -11"><span class='ocrx_word' id='word_1_307' title='bbox 325 2834 368 2886; x_wconf 85' lang='lat'><strong>3)</strong></span> <span class='ocrx_word' id='word_1_308' title='bbox 399 2831 643 2875; x_wconf 79' lang='lat' dir='ltr'><strong>Dissertat.</strong></span> <span class='ocrx_word' id='word_1_309' title='bbox 677 2831 734 2875; x_wconf 85' lang='lat' dir='ltr'><strong>de</strong></span> <span class='ocrx_word' id='word_1_310' title='bbox 766 2831 979 2887; x_wconf 81' lang='lat' dir='ltr'><strong>epistolis</strong></span> <span class='ocrx_word' id='word_1_311' title='bbox 1011 2831 1213 2875; x_wconf 84' lang='lat' dir='ltr'><strong>Socratis</strong></span> <span class='ocrx_word' id='word_1_312' title='bbox 1246 2837 1286 2875; x_wconf 89' lang='lat'><strong>6.</strong></span> 
     </span>
    </p>
   </div>
   <div class='ocr_carea' id='block_1_7' title="bbox 205 2889 1891 3006">
    <p class='ocr_par' dir='ltr' id='par_1_7' title="bbox 205 2889 1891 3006">
     <span class='ocr_line' id='line_1_38' title="bbox 324 2889 1891 2947; baseline 0 -15"><span class='ocrx_word' id='word_1_313' title='bbox 324 2893 368 2946; x_wconf 88' lang='lat'><strong>4)</strong></span> <span class='ocrx_word' id='word_1_314' title='bbox 403 2889 469 2934; x_wconf 83' lang='lat' dir='ltr'><strong>Cf.</strong></span> <span class='ocrx_word' id='word_1_315' title='bbox 495 2889 710 2934; x_wconf 81' lang='lat' dir='ltr'><strong>Oratores</strong></span> <span class='ocrx_word' id='word_1_316' title='bbox 742 2893 825 2934; x_wconf 81' lang='lat' dir='ltr'><strong>att.</strong></span> <span class='ocrx_word' id='word_1_317' title='bbox 862 2891 932 2934; x_wconf 90' lang='lat' dir='ltr'><strong>ed.</strong></span> <span class='ocrx_word' id='word_1_318' title='bbox 961 2890 1158 2935; x_wconf 88' lang='lat' dir='ltr'><strong>Mueller</strong></span> <span class='ocrx_word' id='word_1_319' title='bbox 1187 2892 1220 2933; x_wconf 91' lang='lat' dir='ltr'><strong>t.</strong></span> <span class='ocrx_word' id='word_1_320' title='bbox 1246 2890 1288 2933; x_wconf 88' lang='lat' dir='ltr'>H</span> <span class='ocrx_word' id='word_1_321' title='bbox 1311 2906 1354 2947; x_wconf 90' lang='lat' dir='ltr'><strong>p.</strong></span> <span class='ocrx_word' id='word_1_322' title='bbox 1385 2894 1468 2934; x_wconf 87' lang='lat'><strong>313</strong></span> <span class='ocrx_word' id='word_1_323' title='bbox 1487 2905 1553 2946; x_wconf 90' lang='lat' dir='ltr'><strong>sq.</strong></span> <span class='ocrx_word' id='word_1_324' title='bbox 1608 2890 1667 2932; x_wconf 92' lang='lat' dir='ltr'><strong>M.</strong></span> <span class='ocrx_word' id='word_1_325' title='bbox 1696 2891 1891 2945; x_wconf 73' lang='lat' dir='ltr'><strong>Schanz,</strong></span> 
     </span>
     <span class='ocr_line' id='line_1_39' title="bbox 205 2948 911 3006; baseline 0.001 -15"><span class='ocrx_word' id='word_1_326' title='bbox 205 2948 325 2992; x_wconf 87' lang='lat' dir='ltr'><strong>Plat.</strong></span> <span class='ocrx_word' id='word_1_327' title='bbox 352 2949 483 3005; x_wconf 87' lang='lat' dir='ltr'><strong>Apol.</strong></span> <span class='ocrx_word' id='word_1_328' title='bbox 515 2963 675 2994; x_wconf 92' lang='lat' dir='ltr'><strong>comm.</strong></span> <span class='ocrx_word' id='word_1_329' title='bbox 700 2965 745 3005; x_wconf 88' lang='lat' dir='ltr'><strong>p.</strong></span> <span class='ocrx_word' id='word_1_330' title='bbox 772 2954 827 2993; x_wconf 85' lang='lat'><strong>34</strong></span> <span class='ocrx_word' id='word_1_331' title='bbox 846 2963 911 3006; x_wconf 84' lang='lat' dir='ltr'><strong>sq.</strong></span> 
     </span>
    </p>
   </div>
  </div>
 </body>
</html>
