2026 3192
176 1119 218 1150 10

249 161 357 213 242
722 160 950 205 LIBANII
978 159 1370 206 DECLAMATIO
1401 159 1466 206 IV

256 299 518 365 Φοινίκης
578 298 832 366 ἥρπασαν
885 296 918 365 ἢ
977 299 1234 359 Φοίνικες
1294 295 1348 361 ἐξ
1405 294 1632 367 Ἄργους
1691 295 1776 349 Ἰὼ
1837 298 1940 366 τὴν

241 383 483 454 Ἰνάχου;
523 383 629 453 ἐγὼ
668 385 770 452 μὲν
807 387 913 455 γὰρ
954 381 1105 452 οἶμαι
1143 394 1254 438 τῶν
1295 387 1574 439 Φοινίκων
1603 391 1940 454 γεγενῆσθαι

246 475 348 543 τὴν
387 473 574 544 ἀρχήν.
653 474 738 526 23.
779 472 871 526 καὶ
911 474 1013 526 οὐκ
1061 472 1396 541 ἐπαινοῦμεν
1442 474 1575 527 οὐδὲ
1621 475 1750 537 τοὺς
1788 476 1939 545 Κρῆ-

246 581 343 625 τας
373 563 511 632 πρὸς
541 569 703 616 τοῦτο
738 562 1021 625 ἐλθόντας.
1059 563 1285 616 πάντων
1316 564 1421 632 γὰρ
1447 562 1798 631 ἀλογώτατον
1827 573 1942 617 τῶν

245 650 593 720 ἠδικημένων
632 651 1116 719 ἀντεπιβουλεύειν
1157 651 1224 704 οὐ
1257 651 1659 722 προῃρημένων
1694 651 1941 716 ἐκείνους

244 739 712 810 περιεργάζεσθαι.
754 742 939 792 ἔπειτα
978 741 1026 792 εἰ
1063 740 1155 792 καὶ
1201 738 1369 792 πλέον
1415 747 1545 792 τῶν
1571 743 1940 795 πεπονθότων

244 829 510 897 ἤχθοντο,
557 829 739 898 δῶμεν
786 829 890 898 γὰρ
939 828 1023 881 ὅτι
1064 827 1156 881 καὶ
1203 831 1414 897 μᾶλλον
1459 829 1670 897 ἤλγουν
1705 828 1938 899 Ἰνάχου,

244 917 345 986 οὐχ
385 916 600 988 ἁρπαγῇ
643 918 742 985 τὴν
781 916 1036 987 ἁρπαγὴν
1073 915 1317 986 μετιέναι
1356 916 1545 987 ἐχρῆν,
1589 917 1727 971 ἀλλὰ
1765 918 1939 971 ταύτὰ

243 1014 424 1058 ποιεῖν
463 1006 600 1074 ἅπερ
639 1005 796 1075 ἡμεῖς
833 1013 964 1074 νῦν,
1011 1008 1309 1075 πρεσβείαν
1348 1005 1727 1075 ἀποστέλλειν,
1775 1021 1937 1077 στρα-

243 1096 479 1147 τόπεδον
517 1104 867 1164 συγκροτεῖν,
907 1097 1148 1162 πόλεμον
1189 1094 1449 1148 ἀπειλεῖν.
1487 1102 1651 1148 τοῦτο
1691 1093 1792 1165 μὲν
1830 1097 1938 1165 γὰρ

242 1179 313 1251 ἠν
350 1180 525 1252 μηδὲν
563 1191 820 1236 τοιοῦτον
853 1182 971 1252 μήτ’
1014 1183 1074 1236 ἐν
1107 1192 1175 1254 γῇ
1208 1181 1330 1253 μήτ’
1370 1183 1430 1237 ἐν
1460 1185 1706 1254 θαλάττῃ
1738 1187 1938 1252 βουλο-

241 1270 424 1339 μένων
470 1275 804 1341 τολμᾶσθαι,
859 1270 1036 1325 ἐκεῖνο
1085 1270 1145 1325 δὲ
1190 1274 1367 1326 πολλὰ
1412 1276 1940 1342 παρασκευαζόντων
1964 1276 1979 1291 ’

243 1362 598 1430 παραπλήσια
637 1362 909 1429 γίνεσθαι.
973 1360 1220 1414 ἐπαινεῖν
1266 1357 1367 1430 μὲν
1406 1357 1509 1415 οὖν
1549 1361 1794 1424 ἐκείνους
1834 1361 1938 1414 οὐκ

241 1445 455 1518 ἔχομεν,
496 1452 547 1502 εἰ
583 1447 645 1502 δὲ
687 1451 918 1519 ἰσχυρόν
955 1470 1038 1512 τις
1077 1447 1219 1503 εἶναι
1259 1453 1466 1519 νομίζει
1497 1451 1559 1503 τὸ
1590 1457 1789 1519 χρῆναι
1821 1459 1938 1512 τοῖς

362 1631 384 1668 1
418 1625 525 1669 Her.
552 1625 573 1667 Ι
599 1631 638 1669 1.
671 1626 777 1681 Lyc.
806 1630 917 1668 1291
937 1639 1003 1681 sq.
1038 1639 1143 1668 cum
1175 1625 1364 1668 scholiis
1488 1630 1513 1669 5
1546 1625 1689 1669 Thuc.
1714 1624 1735 1667 I
1759 1630 1830 1680 33,
1849 1629 1874 1669 3

363 1794 383 1830 1
405 1786 624 1845 ἥρπασαν
642 1787 692 1832 ἐκ
717 1786 935 1844 φοινίκης
961 1789 1018 1832 Vi
1138 1793 1164 1831 2
1186 1788 1270 1844 μὲν
1300 1801 1374 1831 om
1408 1788 1505 1833 Vol
1564 1787 1688 1831 inser
1706 1788 1817 1832 Ma²

242 1851 267 1890 3
293 1848 380 1891 οὐκ
405 1847 580 1891 ἐπαινῶ
605 1847 689 1903 μὲν
705 1847 923 1891 ΒΡαΜιι
945 1848 1027 1891 sed
1050 1847 1100 1890 in
1123 1847 1212 1891 hoc
1237 1864 1293 1905 γρ
1318 1847 1403 1892 οὐκ
1421 1846 1704 1903 ἐπαινοῦμεν
1726 1847 1777 1890 in
1799 1860 1937 1904 marg

240 1905 323 1960 m’,
351 1907 406 1951 Ol
429 1908 476 1950 et
499 1923 554 1964 γρ
578 1906 629 1950 in
651 1919 786 1963 marg
809 1906 912 1950 Mor
1031 1910 1060 1949 4
1084 1906 1151 1957 εἰς
1166 1907 1335 1951 ΡαΜα
1358 1907 1438 1950 sed
1463 1906 1513 1950 in
1529 1906 1617 1950 hoc
1641 1923 1695 1963 γρ
1719 1906 1836 1961 πρὸς
1859 1920 1935 1950 su-

1159 1965 1224 2015 εἰς

239 2038 400 2081 prascr
415 2023 500 2079 m',
520 2024 573 2069 Ol
588 2026 636 2069 et
651 2041 705 2082 γρ
723 2024 773 2067 in
789 2038 923 2081 marg
939 2024 1040 2068 Mor
1099 2025 1216 2080 πρὸς
1232 2026 1278 2069 Β
1306 2028 1312 2080 Ι
1340 2018 1399 2081 ἠν
1414 2025 1523 2081 post
1546 2025 1838 2080 ἀλογώτατον
1862 2023 1933 2066 in-

241 2085 487 2128 serendum
507 2084 612 2127 coni
630 2082 785 2128 Gasda
812 2087 820 2139 1
846 2091 939 2127 τῶν
955 2082 1250 2141 ἠδικημένων
1273 2083 1323 2127 in
1346 2084 1429 2128 τὸν
1445 2083 1728 2140 ἠδικημένον
1743 2084 1932 2186 mugn-

1619 2145 1808 2187 πεπονθ
1865 2159 1931 2186 ων

241 2203 351 2246 dum
385 2202 489 2246 coni
520 2202 589 2246 Re
622 2203 669 2246 et
691 2201 853 2246 Iacobs
878 2202 992 2246 Leeiz
1015 2207 1087 2256 92,
1117 2202 1278 2245 tuetur
1302 2201 1462 2246 Gasda
1580 2205 1606 2244 5
1638 2200 1934 2258 ἠδικημένων

250 2263 290 2305 V
313 2262 319 2320 Ι
348 2275 529 2305 comma
558 2263 667 2318 post
690 2261 1095 2319 ἀντεπιβουλεύειν
1119 2261 1210 2304 edd
1273 2260 1424 2304 delevi
1451 2263 1460 2317 Ι
1485 2259 1833 2316 προειρημένων
1857 2260 1933 2304 Ρα

298 2318 625 2379 προῃρημένον
656 2321 762 2365 coni
792 2320 954 2364 Iacobs
982 2322 990 2377 Ι
1018 2317 1207 2365 ἐκείνων
1239 2319 1321 2370 οὓς
1344 2321 1457 2364 ΒΜ
1463 2319 1668 2364 ViMaCl
1727 2336 1780 2376 γρ
1814 2317 1931 2364 ἐκεί-

241 2394 351 2431 νους
382 2379 464 2430 οὓς
494 2380 542 2422 in
573 2393 708 2435 marg
738 2379 841 2423 Mor
969 2385 994 2422 6
1025 2378 1382 2435 περιεργάζεσθε
1414 2381 1490 2423 Ρα
1520 2379 1602 2423 sed
1635 2395 1684 2422 αι
1715 2390 1934 2434 suprascr

239 2437 321 2492 m',
354 2456 408 2495 γρ
441 2440 491 2481 in
522 2452 656 2496 marg
687 2439 789 2482 Mor
859 2437 1239 2494 περιεργάζονται
1270 2440 1382 2483 ΒΜ
1389 2438 1593 2483 ViMan
1640 2439 1646 2495 Ι
1697 2437 1738 2482 εἰ
1769 2451 1844 2481 om
1877 2436 1934 2481 Ol

298 2497 424 2540 inser
449 2497 575 2542 Ma²·
682 2501 705 2540 7
733 2496 803 2541 ὅτι
834 2497 1008 2540 inserui
1041 2510 1066 2541 e
1090 2497 1342 2542 BPaMVi
1372 2498 1420 2541 et
1450 2514 1503 2553 γρ
1534 2510 1668 2553 marg
1690 2496 1794 2540 Mor
1823 2509 1932 2539 cum

241 2556 397 2600 Gasda
458 2570 533 2599 om
563 2556 733 2612 reliqui
764 2556 873 2600 libri
906 2556 986 2600 sed
1018 2556 1144 2599 inser
1174 2555 1286 2600 Ma*
1318 2557 1366 2599 et
1399 2556 1449 2598 in
1482 2556 1614 2611 marg
1655 2554 1726 2609 1⁷²,
1758 2555 1827 2598 Re
1887 2555 1930 2599 εἰ

240 2614 341 2658 Mor
372 2615 496 2670 quod
528 2615 604 2659 del
636 2615 703 2658 Re
825 2620 851 2658 9
882 2622 1035 2660 ποιεῖν
1069 2629 1144 2659 om
1179 2615 1231 2660 Ol
1289 2614 1415 2658 inser
1448 2617 1536 2659 Ma
1585 2617 1591 2671 1
1640 2612 1853 2671 πρέσβεις
1881 2613 1931 2657 Β
2025 2667 2026 2673 ¹

242 2675 331 2718 Ma
347 2674 428 2718 sed
452 2673 523 2730 γρ’
538 2671 791 2733 πρεσβείαν
814 2688 1031 2730 suprascr
1052 2674 1136 2729 ιη’,
1155 2674 1208 2719 ΟΖ
1266 2673 1458 2732 πρέσβιν
1475 2675 1550 2718 Ρα
1574 2675 1622 2716 et
1644 2689 1699 2730 γρ
1722 2673 1772 2715 in
1794 2685 1930 2728 marg

240 2732 342 2776 Mor
477 2738 529 2776 11
560 2732 670 2789 μήτε
695 2735 736 2790 (1
764 2735 812 2778 et
836 2735 880 2790 2)
905 2733 1176 2778 BPaMaCZ
1209 2734 1215 2788 Ι
1243 2732 1352 2789 μήτε
1385 2733 1435 2778 ἐν
1466 2739 1523 2791 γῇ
1561 2732 1686 2775 inser
1717 2731 1813 2776 Pa²
1838 2734 1846 2788 Ι
1871 2737 1930 2788 τῆ

241 2793 349 2835 ante
381 2798 437 2849 γῇ
471 2793 520 2835 et
548 2791 758 2850 θαλάττῃ
801 2793 857 2836 Vi
980 2797 1033 2835 12
1067 2788 1216 2836 ἐκεῖνο
1249 2792 1415 2848 scripsi
1440 2805 1466 2835 e
1492 2791 1531 2835 Ο
1556 2791 1638 2835 sed
1663 2807 1687 2835 ο
1712 2804 1767 2833 ex
1798 2807 1828 2834 α
1851 2803 1928 2832 ras

241 2864 354 2906 corr,
389 2851 594 2895 ViMaC'l
655 2852 811 2895 ἐκεῖνα
842 2850 1012 2906 reliqui
1043 2850 1152 2894 libri
1177 2850 1267 2894 edd
1390 2855 1445 2893 13
1477 2848 1700 2906 γενέσθαι
1724 2850 1815 2893 Ma
1845 2847 1926 2893 ned

241 2925 295 2965 γρ
320 2908 536 2965 γίνεσθαι
559 2923 774 2965 suprascr
797 2909 881 2965 m’,
908 2910 962 2954 01
987 2912 992 2967 Ι
1022 2906 1106 2953 οὖν
1132 2923 1208 2953 om
1224 2910 1354 2954 Paoz
1413 2909 1540 2953 inser
1564 2907 1676 2953 Ma²
1797 2912 1852 2951 14
1876 2904 1923 2952 δ’

240 2967 461 3013 PaMan
487 2969 494 3023 Ι
521 2966 697 3024 νομίζοι
730 2969 775 3012 Β
1648 2997 1650 2999 .
1690 2988 1692 2991 ·
