2026 3192
227 127 335 180 428
694 126 921 170 LIBANII
952 122 1342 171 DECLAMATIO
1373 124 1460 169 VII

344 262 425 315 18.
469 258 646 325 Οὗτος
691 259 792 331 μὲν
831 262 964 329 ὑμῖν
1010 262 1083 325 ὡς
1123 258 1478 329 συμφέροντα
1516 269 1630 323 τοῖς
1670 260 1920 329 ἡμιθέοις

139 357 258 400 RIV
275 361 361 400 408
409 350 618 405 ἐπαινεῖ
655 352 754 406 τὸν
790 354 989 420 φόνον,
1024 357 1030 416 Ι
1066 352 1169 419 ἐγὼ
1205 349 1254 404 δ’
1294 349 1462 403 αὐτὸν
1496 348 1785 418 ἀποφαίνω
1819 352 1922 418 χεί-

187 643 206 675 5

167 1089 210 1122 10

169 1535 211 1567 15

230 461 363 511 ρους
401 441 577 512 τούτῳ
618 442 949 509 πεποιηκότα
987 439 1079 493 καὶ
1118 441 1348 502 τούτους
1394 436 1484 491 καὶ
1531 440 1660 500 τοὺς
1707 437 1921 507 ἀνθρώ-

228 547 381 592 πους.
421 530 483 582 τὸ
525 530 628 598 γὰρ
671 528 896 599 ἑτοίμως
934 527 1082 598 ἔχειν
1119 530 1256 597 πρὸς
1294 529 1355 581 τὸ
1387 534 1565 596 ψυχῆς
1596 526 1923 596 ἀποστερεῖν

230 617 322 671 καὶ
362 617 760 672 ἀποκτιννύναι
807 623 993 691 πολλῷ
1042 620 1220 687 δήπου
1270 618 1588 685 δεινότερον
1635 611 1714 668 ὧν
1761 611 1923 678 οὗτος

231 710 443 760 παῦσαί
479 722 651 776 φησιν
685 707 751 760 οὐ
783 709 1008 770 παύσας.
1061 708 1262 760 τούτου
1295 708 1489 759 τοίνυν
1520 712 1618 758 τοῦ
1651 705 1922 758 τοσούτου

231 803 404 850 κακοῦ
443 795 674 865 γέγονεν
699 795 857 867 Ἄρης
890 797 1220 859 διδάσκαλος
1252 797 1497 864 μονονοὺ
1529 794 1814 863 κηρύττων
1847 794 1924 856 εἰς

233 886 476 948 ἅπαντας
529 886 618 938 καὶ
673 889 843 949 θεοὺς
897 884 987 939 καὶ
1043 884 1310 953 ἡμιθέους
1364 882 1455 937 καὶ
1509 884 1570 936 τὸ
1618 884 1808 952 τρίτον
1855 878 1924 935 αὗ

232 974 408 1043 γένος,
442 975 526 1028 ὅτι
557 974 761 1043 πάσης
802 977 1013 1037 αἰτίας
1050 977 1163 1042 μία
1200 971 1357 1026 ἔστω
1393 973 1538 1039 δίκη
1572 973 1786 1040 σφαγὴ
1818 970 1925 1024 καὶ

233 1065 537 1126 θάνατος.
596 1063 677 1116 19.
710 1063 825 1117 ἀλλ’
864 1064 1020 1133 ὑμεῖς
1053 1064 1255 1125 αὐτοὺς
1288 1060 1541 1125 διδάξατε
1571 1069 1690 1123 ταῖς
1721 1062 1926 1129 ψήφοις

234 1154 306 1217 ὡς
339 1154 406 1206 οὐ
441 1154 525 1206 δεῖ
555 1151 845 1222 προσέχειν
876 1159 952 1224 τῷ
983 1157 1130 1225 κακῷ
1156 1153 1331 1224 τούτῳ
1366 1150 1694 1221 διδασκάλω.
1735 1150 1783 1202 εἰ
1822 1150 1925 1218 γὰρ

236 1243 418 1311 διδοίη
445 1243 606 1310 δίκην
629 1241 719 1295 καὶ
743 1243 991 1313 πονηρὸν
1022 1242 1157 1310 ὑμῖν
1190 1234 1331 1295 εἷναι
1357 1238 1530 1303 δόξειε
1553 1241 1615 1292 τὸ
1640 1237 1927 1307 γεγενημέ-

234 1352 353 1400 νον,
393 1330 484 1384 καὶ
517 1331 796 1401 περιέσται
829 1341 940 1384 τῶν
970 1333 1135 1384 τοῦδε
1168 1331 1234 1383 τὰ
1265 1327 1390 1399 παρ’
1430 1328 1564 1395 ὑμῖν
1595 1326 1686 1380 καὶ
1718 1330 1927 1396 μᾶλλον

234 1421 370 1490 ὑμῖν
402 1416 528 1473 οὖσι
563 1420 713 1490 [περ]
745 1422 1033 1483 τοσούτοις
1065 1421 1351 1487 οἰήσονται
1384 1420 1504 1471 δεῖν
1536 1417 1871 1470 ἀκολουθεῖν
1894 1415 1927 1483 ἢ

237 1509 318 1563 ἑνὶ
349 1511 526 1582 τούτῳ
566 1508 656 1562 καὶ
688 1511 939 1578 βελτίους
969 1530 1031 1577 γε
1063 1508 1287 1571 ἐλπίδας
1319 1507 1539 1571 ἕξουσιν
1563 1506 1701 1574 ὑπὲρ
1727 1505 1928 1571 αὑτῶν,

357 1676 382 1715 5
416 1670 473 1715 cf.
506 1686 551 1727 p.
578 1675 679 1726 438,
700 1675 754 1714 14

241 1820 247 1879 Ι
284 1818 335 1864 δὲ
360 1820 406 1864 Β
530 1824 581 1862 17
621 1817 829 1873 τηνάλως
859 1817 1153 1863 ΗΟῩίῘῙαΟΖ
1179 1820 1185 1871 Ι
1214 1815 1279 1861 ὢν
1310 1817 1359 1860 in
1390 1829 1466 1859 ras
1502 1814 1612 1860 Ma²
1674 1812 1732 1858 ἂν
1765 1814 1858 1858 HG
1885 1814 1932 1856 eb

238 1896 292 1937 γρ
317 1879 367 1922 in
392 1893 524 1936 marg
547 1878 649 1922 Mor
676 1881 682 1933 Ι
708 1878 888 1929 τούτοις
912 1878 1069 1923 HOVi
1093 1880 1141 1921 et
1171 1894 1225 1933 γρ
1257 1877 1306 1919 in
1338 1889 1473 1932 marg
1504 1874 1606 1919 Mor
1632 1876 1638 1929 Ι
1667 1871 1806 1926 ἀξίως
1832 1873 1933 1917 ΟῩί

239 1941 287 1983 et.
318 1955 372 1995 γρ
404 1938 454 1981 in
485 1953 617 1995 marg
648 1938 749 1981 Mor
776 1940 781 1992 Ι
818 1939 879 1988 ὡς
911 1951 985 1981 0111
1022 1937 1123 1982 ΟῘῙι
1184 1937 1392 1991 „mallem
1425 1934 1477 1979 ὃ“
1510 1933 1671 1978 Iacobs
1703 1933 1814 1976 Lech
1848 1936 1931 1975 120

362 2004 384 2041 1
421 1993 473 2041 οὗ
506 1997 663 2042 HCVz·
705 2000 711 2053 Ι
754 1998 864 2053 ὑμῖν
897 2011 971 2041 om
999 1996 1144 2041 MaGl
1205 1993 1289 2040 οὖν
1324 1996 1392 2039 Va
1421 1996 1468 2038 et
1499 2010 1552 2050 γρ
1588 1992 1637 2035 in
1669 2006 1801 2048 marg
1832 1991 1933 2035 Mor

245 2058 249 2115 Ι
286 2055 601 2114 συμφέροντος
634 2057 689 2101 Vz'
811 2061 835 2099 2
870 2057 1103 2111 ἀποφανῶ
1137 2055 1240 2099 coni
1274 2054 1430 2098 Gasda
1460 2053 1657 2096 fortasse
1688 2053 1813 2096 recte

242 2121 267 2159 3
299 2116 474 2160 τούτων
502 2116 604 2161 Oij
652 2116 658 2174 Ι
707 2116 853 2159 τούτω
880 2116 925 2158 Β
1067 2120 1095 2158 4
1127 2122 1206 2171 τῆς
1238 2116 1345 2158 ante
1377 2118 1533 2171 ψυχῆς
1564 2113 1601 2156 C
1630 2111 1722 2155 edd
1783 2109 1933 2153 delevi

362 2180 386 2217 5
431 2171 495 2218 ὧν
529 2201 581 2207 —-
617 2180 641 2218 6
686 2175 869 2224 παύσας
915 2188 989 2217 om
1035 2174 1071 2219 G
1126 2179 1130 2226 Ι
1189 2170 1324 2224 οὗτος
1365 2169 1561 2229 παῦσαί]
1605 2171 1660 2215 οὐ
1704 2176 1850 2213 πᾶσαι
1883 2170 1941 2212 H

363 2239 387 2277 6
422 2235 475 2278 οὐ
507 2234 690 2284 παύσας
730 2249 805 2277 om
839 2234 895 2277 Vi
944 2236 956 2290 Ι·
1000 2234 1238 2277 παύσασαι
1269 2233 1319 2275 Η
1394 2231 1577 2282 πάντας
1611 2229 1664 2274 Ol
1712 2230 1717 2283 Ι
1765 2228 1932 2272 τούτου

241 2292 402 2338 τοίνυν
441 2300 523 2338 τοῦ
563 2293 784 2337 τοσούτου
825 2300 972 2336 κακοῦ
1013 2292 1178 2349 scripsi
1211 2305 1235 2335 e
1271 2292 1372 2336 OVi
1445 2290 1612 2334 τούτου
1651 2286 1810 2332 τοίνυν
1850 2294 1932 2331 τοῦ

243 2359 389 2397 κακοῦ
429 2352 653 2396 τοσούτου
692 2359 839 2396 κακοῦ
871 2352 927 2394 Η
997 2349 1158 2397 τοίνυν
1196 2351 1362 2395 τούτου
1401 2356 1482 2394 τοῦ
1523 2354 1668 2393 κακοῦ
1711 2346 1933 2391 τοσούτου

243 2419 391 2456 κακοῦ
424 2413 563 2456 ΒΜα
603 2412 683 2455 sed
722 2412 771 2454 in
809 2411 898 2455 hoc
935 2418 1101 2455 τοῦτον
1144 2423 1285 2466 supra
1323 2409 1490 2453 τούτου
1529 2407 1611 2462 m²‚
1647 2406 1700 2450 Ol
1773 2403 1934 2450 τοίνυν

243 2478 379 2516 τοῦτο
411 2471 462 2515 τὸ
495 2468 642 2515 κακὸν
673 2471 895 2515 τοσούτου
928 2477 1075 2513 κακοῦ
1111 2471 1178 2514 Va
1214 2469 1295 2512 sed
1327 2469 1377 2513 τὸ
1417 2495 1458 2500 -
1485 2473 1632 2510 κακοῦ
1672 2466 1719 2509 in
1752 2479 1826 2508 ras
1851 2463 1932 2517 m2,

245 2530 335 2574 edd
459 2535 482 2572 7
518 2529 633 2586 ἄρης
663 2528 823 2587 γέγονε
858 2530 927 2573 Va
977 2531 982 2585 Ι
1033 2527 1178 2585 μόνον
1212 2529 1265 2572 οὐ
1298 2528 1401 2572 BOl
1522 2531 1546 2569 9
1583 2526 1677 2571 ἐστὶ
1710 2525 1767 2568 Vi
1793 2530 1798 2580 Ι
1827 2522 1934 2580 δίκη

246 2603 321 2633 om
346 2590 391 2633 B
451 2589 647 2645 τιμωρία
674 2589 819 2633 MaCl
940 2592 994 2631 10
1027 2586 1111 2631 οὖν
1143 2590 1250 2644 post
1274 2588 1403 2642 ὑμεῖς
1429 2587 1482 2631 ΟΖ
1509 2587 1555 2629 ef,
1578 2585 1703 2627 inser
1729 2585 1817 2628 Ma

249 2653 299 2691 11
335 2652 463 2708 κακῷ
487 2649 674 2704 reposui
708 2662 733 2692 θ
763 2647 897 2691 libris
958 2650 1080 2706 καλῷ
1109 2647 1195 2690 edd
1231 2646 1313 2690 sed
1345 2663 1399 2702 γρ
1433 2648 1559 2701 κακῷ
1589 2645 1638 2687 in
1669 2656 1804 2699 marg
1834 2641 1936 2685 Mor

251 2708 254 2766 Ι
289 2707 436 2751 τούτω
467 2706 592 2751 inser
625 2707 715 2752 Va²
838 2711 891 2750 12
925 2704 1030 2762 δοίη
1066 2707 1121 2750 Vi
1153 2706 1253 2750 Mor
1285 2706 1366 2749 sed
1398 2705 1444 2748 in
1479 2704 1567 2747 hoc
1599 2720 1651 2759 γρ
1679 2699 1862 2757 διδοίην
1885 2700 1935 2743 in

246 2779 380 2823 marg
440 2765 497 2822 δὴ
530 2764 635 2823 δοίη
671 2767 815 2811 MaOl
842 2769 847 2823 Ι
876 2765 985 2822 ἡμῖν
1019 2766 1076 2809 Vi
1110 2768 1115 2821 Ι
1151 2761 1273 2809 εἶναι
1305 2778 1379 2807 0111
1418 2763 1560 2808 Man
1594 2765 1599 2817 Ι
1635 2759 1812 2814 δόξειεν
1846 2761 1936 2803 Μα

369 2829 421 2868 13
454 2825 534 2869 καὶ
566 2839 640 2868 om
667 2825 932 2870 VaBMaGl
957 2825 964 2882 Ι
993 2841 1003 2877 ;
1035 2826 1142 2880 post
1172 2825 1309 2868 τοῦδε
1341 2823 1410 2867 Re
1471 2821 1621 2866 delevi
1648 2822 1655 2877 Ι
1681 2820 1739 2864 τὰ
1771 2833 1847 2862 om
1880 2819 1938 2862 Vi

250 2886 294 2928 Β
354 2900 398 2927 τι
431 2884 484 2929 ΟΖ
511 2887 516 2939 Ι
545 2885 653 2939 ὑμῖν
686 2884 738 2928 ΟΖ
760 2884 841 2927 sed
868 2891 912 2928 ῖν
937 2898 968 2926 n
990 2897 1063 2926 ras
1088 2882 1157 2925 m²
1218 2883 1327 2938 ἡμῖν
1353 2883 1410 2926 Vi
1531 2885 1584 2923 14
1609 2896 1693 2934 περ
1718 2878 1824 2922 libri
1855 2877 1935 2920 sed

248 2942 379 2998 παρὰ
397 2944 460 2997 Η,
494 2943 584 2986 edd
646 2943 899 2987 cancellavi
1021 2947 1074 2986 15
1107 2943 1260 2986 αὑτῶν
1293 2940 1458 2997 scripsi
1519 2940 1671 2984 αὐτῶν
1703 2937 1815 2982 libri
1845 2936 1934 2980 edd
