2054 3192
568 109 797 154 LIBANII
826 109 1131 154 APOLOGIA
1163 108 1447 154 SOCRATIS
1781 111 1844 162 11

147 253 230 299 usi
260 265 429 299 sumus
441 244 498 316 ¹).
561 248 686 297 Cum
718 249 868 298 codex
901 250 966 298 sit
997 266 1125 298 unus
1151 267 1176 298 e
1199 251 1441 311 pessimiS,
1475 252 1562 312 qui
1586 250 1847 298 Morellum

151 324 306 385 novit,
337 324 462 371 nihil
486 326 651 372 textus
676 324 1055 372 mendositatem
1082 318 1163 390 (ut
1194 340 1306 372 cum
1330 324 1613 387 Augustino
1645 319 1845 390 loquar)

149 398 428 446 mirabitur.

260 472 544 519 Reiskius
561 464 763 538 (=Re)
780 473 971 520 textum
988 471 1335 519 Morellianum
1354 472 1518 534 ipsum
1538 473 1707 534 paucis
1725 473 1846 521 locis

150 562 176 594 e
200 546 364 594 codice
387 545 683 609 Augustano
708 545 938 607 mutavit,
971 545 1278 594 creberrimis
1310 547 1416 594 face
1447 547 1637 610 ingenii
1670 547 1846 594 collus-

147 621 305 667 travit
345 622 495 682 atque
537 620 839 681 emendavit,
880 620 1084 668 Reiskia
1124 635 1239 668 vero
1280 623 1394 682 post
1430 620 1600 668 mariti
1641 620 1846 682 obitum,

148 700 205 741 ut
223 693 427 753 solebat,
448 693 570 742 folia
587 694 819 743 editionis
835 694 1157 742 Morellianae
1182 695 1373 742 intacta
1390 695 1688 757 relinquens⁷
1712 697 1769 742 ut
1787 710 1846 741 ne

148 770 327 830 aperta
359 768 561 830 quidem
593 783 857 830 operarum
889 768 1014 816 vitia
1047 768 1338 833 corrigeret,
1378 768 1705 831 typographis
1745 771 1846 816 tra-

147 841 276 890 didit
314 844 366 890 et
403 857 529 904 quae
569 844 778 890 maritus
810 843 1071 891 invenerat
1102 842 1191 891 sub
1224 845 1365 890 textu
1413 842 1675 891 adnotasse
1724 843 1845 890 satis

147 915 325 964 habuit
370 920 405 964 t.
438 916 516 963 HI
554 934 600 978 p.
639 917 832 964 1—67.
905 915 1056 964 Cuius
1103 918 1177 964 rei
1222 917 1371 979 plane
1417 916 1649 980 ignarum
1695 917 1846 964 fuisse

145 992 288 1052 patet
333 990 605 1054 Boggium‚
652 1006 763 1039 cum
810 1007 856 1052 p.
897 993 965 1039 10
1012 991 1241 1039 Reiskius
1286 992 1453 1052 inquit
1498 989 1845 1051 Auyustanam

145 1078 300 1112 anum
340 1065 406 1112 ad
438 1068 609 1125 partes
648 1079 819 1113 vocare
852 1066 1024 1125 potuit.
1091 1065 1250 1126 Quum
1292 1069 1453 1114 tamen
1492 1068 1646 1114 textas
1686 1068 1846 1113 maior

137 1153 266 1198 pars
299 1141 562 1194 evanuerit,
604 1142 700 1187 tota
730 1140 831 1198 fere
863 1137 1105 1199 Apoloyia
1138 1154 1160 1186 e
1190 1140 1390 1187 Morelli
1431 1140 1633 1187 editione
1667 1142 1729 1194 ez',
1769 1140 1846 1187 hie

145 1212 246 1260 illic
275 1213 560 1262 stultissima
592 1228 806 1274 quaeque
836 1215 956 1261 vitia
988 1215 1256 1274 eorriyenti,
1290 1213 1604 1265 describenda
1635 1215 1753 1274 fait,
1792 1217 1847 1260 ut

145 1287 291 1345 facile
321 1289 430 1347 quis
459 1289 716 1347 intelliyat,
748 1289 923 1348 quibus
960 1288 1165 1336 maculis
1205 1287 1363 1336 adhue
1393 1288 1663 1336 Reiskz‘ana
1704 1288 1844 1335 editio

145 1362 405 1421 inquinata
435 1363 512 1423 sit,
544 1361 628 1410 sed
660 1361 810 1408 etiam
842 1362 979 1409 nullo
1012 1361 1256 1424 iniquius,
1289 1362 1426 1409 nullo
1458 1363 1736 1424 perversius
1770 1364 1845 1409 est

146 1434 387 1496 iudicium
420 1435 552 1497 quod
583 1436 643 1483 de
677 1451 827 1498 opera
865 1437 1040 1484 critica
1072 1451 1101 1483 a
1133 1436 1335 1484 Reiskio
1367 1435 1577 1484 Libanio
1619 1436 1844 1484 adhibita

143 1509 273 1557 ferre
313 1525 463 1557 ausus
504 1512 578 1558 est
617 1510 695 1558 his
733 1510 898 1558 verbis
938 1527 984 1573 p.
1013 1511 1079 1558 32
1114 1513 1214 1558 not.
1243 1512 1335 1559 50:
1381 1511 1520 1558 Inter
1557 1510 1745 1559 Reiskiz·
1790 1512 1844 1558 in

145 1583 416 1631 Libaniam
447 1585 801 1632 emendationes
838 1586 1018 1632 multae
1056 1588 1190 1639 sunt,
1225 1599 1248 1632 e
1279 1585 1453 1644 quibas
1491 1587 1698 1644 apparet
1737 1599 1845 1632 eum

146 1659 277 1705 curis
316 1661 359 1705 et
394 1661 626 1706 senectute
664 1659 944 1718 depressum
973 1660 1244 1718 pristinam
1280 1660 1452 1707 mentis
1490 1673 1694 1706 acumen
1729 1674 1842 1718 per-

147 1732 339 1780 didisse.

258 1805 378 1854 Post
408 1806 666 1854 Reiskium
699 1806 758 1854 de
791 1807 1026 1870 apologia
1058 1806 1363 1854 emendanda
1395 1807 1649 1868 praeclare
1681 1822 1841 1853 meru-

146 1881 292 1927 erunt
332 1880 412 1928 Fr.
452 1879 787 1940 Iacobsius‚
841 1881 928 1942 qui
968 1897 1096 1942 quae
1145 1882 1406 1929 invenerat
1452 1883 1502 1928 et
1549 1880 1841 1928 Lectionum

145 1953 389 2001 volumini
435 1970 602 2003 mense
643 1953 845 2002 Octobri
886 1955 1003 2002 anni
1039 1955 1178 2003 1813
1215 1957 1398 2017 scripto
1431 1949 1511 2021 (=
1537 1947 1680 2020 Lect)
1714 1969 1841 2002 com-

146 2028 285 2075 misit
296 2021 338 2094 2)
372 2030 422 2076 01
450 2030 587 2090 typis
611 2028 799 2090 publici
828 2030 952 2077 iuris
983 2029 1104 2077 fecit
1132 2044 1242 2077 cum
1267 2029 1389 2076 alibi
1399 2022 1442 2094 ³)
1468 2031 1575 2075 tum
1602 2025 1766 2076 ‘Notis
1790 2028 1842 2075 in

146 2100 347 2149 Libanii
369 2099 686 2166 Apologiam’
721 2103 858 2165 prius
891 2103 943 2150 in
975 2103 1116 2151 Actis
1148 2103 1319 2165 philol.
1340 2103 1532 2150 Monac.
1552 2102 1788 2150 t.Hfasc.
1810 2103 1839 2149 3

146 2191 193 2236 p.
220 2176 512 2224 435—468
547 2179 596 2225 et
626 2177 744 2224 fasc.
772 2179 803 2224 4
849 2194 895 2239 p.
923 2178 1214 2225 471—488
1255 2179 1530 2239 posteaque
1571 2177 1843 2238 separatim

147 2265 277 2297 anno
298 2250 437 2297 1817
467 2245 663 2316 editis4)
693 2244 771 2317 (=
796 2245 938 2317 Not),
964 2250 1255 2311 Sintenis‚
1281 2252 1368 2313 qui
1391 2265 1551 2313 pauca
1566 2249 1844 2312 publicavit

146 2323 200 2370 in
231 2322 444 2371 Hermae
474 2324 723 2372 volumine
747 2326 908 2387 primo
940 2342 987 2387 p.
1015 2325 1120 2373 4⁶8
1141 2340 1228 2387 sq.,
1259 2325 1405 2387 plura
1437 2324 1653 2388 margini
1684 2340 1842 2371 exem·

146 2396 301 2458 plaris
319 2397 576 2447 Reiskiani
585 2391 628 2465 ⁵)
646 2399 924 2461 adscripsit,
946 2392 1217 2465 Gasdass),
1244 2400 1330 2460 qui
1353 2399 1511 2446 textui
1537 2396 1841 2446 emendando

269 2511 311 2565 1)
342 2508 531 2553 Bastius
563 2508 737 2554 Comm.
766 2509 1001 2567 palaeogr.
1035 2510 1106 2554 ed.
1148 2509 1367 2554 Schaefer
1398 2525 1444 2566 p.
1472 2513 1578 2553 759:
1605 2522 1695 2564 pro
1726 2513 1842 2552 certo

146 2580 242 2611 non
281 2567 432 2612 dicam
471 2583 558 2624 quo
597 2583 783 2614 numero
822 2570 962 2614 codex
991 2584 1021 2613 a
1063 2570 1257 2613 Morello
1304 2573 1556 2625 usurpatus
1602 2581 1726 2611 nune
1771 2568 1840 2610 in-

146 2627 394 2683 siqniatur.

267 2687 311 2742 2)
344 2685 412 2729 Cf.
444 2687 477 2730 t.
502 2685 524 2729 Ι
554 2701 600 2743 p.
628 2691 697 2730 77.

268 2748 311 2798 3)
344 2744 410 2789 Cf.
443 2747 477 2790 t.
502 2745 523 2788 I
553 2760 598 2802 p.
627 2750 681 2789 76
714 2746 808 2790 not.
835 2750 875 2789 4.

266 2805 312 2859 4)
343 2803 477 2848 Hanc
509 2804 764 2848 editionem
797 2805 982 2849 secutus
1012 2819 1126 2847 sum.

268 2865 311 2918 5)
346 2861 413 2907 Cf.
445 2865 479 2906 t.
503 2863 525 2906 I
554 2878 600 2919 p.
629 2867 698 2907 78.

271 2922 314 2978 6)
346 2921 580 2966 Kritische
612 2922 830 2981 Beitr'age
863 2937 920 2966 zu
951 2922 1188 2966 Libanios
1219 2921 1296 2964 ΙΙΙ.
1329 2920 1523 2964 Lauban
1560 2925 1687 2965 1871.
