<?xml version="1.0" encoding="UTF-8"?>
<!DOCTYPE html PUBLIC "-//W3C//DTD XHTML 1.0 Transitional//EN"
    "http://www.w3.org/TR/xhtml1/DTD/xhtml1-transitional.dtd">
<html xmlns="http://www.w3.org/1999/xhtml" xml:lang="en" lang="en">
 <head>
  <title>
</title>
<meta http-equiv="Content-Type" content="text/html;charset=utf-8" />
  <meta name='ocr-system' content='tesseract 3.04.00' />
  <meta name='ocr-capabilities' content='ocr_page ocr_carea ocr_par ocr_line ocrx_word'/>
</head>
<body>
  <div class='ocr_page' id='page_1' title='image "./operarecensuitri05libauoft/operarecensuitri05libauoft_0450.png"; bbox 0 0 2026 3192; ppageno 0'>
   <div class='ocr_carea' id='block_1_1' title="bbox 219 92 1471 145">
    <p class='ocr_par' dir='ltr' id='par_1_1' title="bbox 219 92 1471 145">
     <span class='ocr_line' id='line_1_1' title="bbox 219 92 1471 145; baseline -0.006 1"><span class='ocrx_word' id='word_1_1' title='bbox 219 93 330 145; x_wconf 86' lang='lat'><strong><em>440</em></strong></span> <span class='ocrx_word' id='word_1_2' title='bbox 687 93 913 138; x_wconf 85' lang='lat' dir='ltr'><strong>LIBANII</strong></span> <span class='ocrx_word' id='word_1_3' title='bbox 947 92 1334 139; x_wconf 86' lang='lat' dir='ltr'><strong>DECLAMATIO</strong></span> <span class='ocrx_word' id='word_1_4' title='bbox 1367 95 1471 139; x_wconf 91' lang='lat' dir='ltr'><strong>VIII</strong></span> 
     </span>
    </p>
   </div>
   <div class='ocr_carea' id='block_1_2' title="bbox 132 225 1913 1993">
    <p class='ocr_par' dir='ltr' id='par_1_2' title="bbox 132 225 1913 1993">
     <span class='ocr_line' id='line_1_2' title="bbox 223 225 1906 301; baseline 0.002 -20"><span class='ocrx_word' id='word_1_5' title='bbox 223 231 389 298; x_wconf 84' lang='grc' dir='ltr'><strong><em>δίκης.</em></strong></span> <span class='ocrx_word' id='word_1_6' title='bbox 435 227 524 282; x_wconf 89' lang='grc' dir='ltr'><strong><em>καὶ</em></strong></span> <span class='ocrx_word' id='word_1_7' title='bbox 572 225 649 297; x_wconf 81' lang='grc' dir='ltr'><strong><em>ἦν</em></strong></span> <span class='ocrx_word' id='word_1_8' title='bbox 689 231 789 297; x_wconf 79' lang='grc' dir='ltr'><strong><em>ἄν,</em></strong></span> <span class='ocrx_word' id='word_1_9' title='bbox 838 233 999 298; x_wconf 80' lang='grc' dir='ltr'><strong><em>φησί,</em></strong></span> <span class='ocrx_word' id='word_1_10' title='bbox 1046 228 1150 283; x_wconf 87' lang='grc' dir='ltr'><strong><em>καὶ</em></strong></span> <span class='ocrx_word' id='word_1_11' title='bbox 1191 240 1596 299; x_wconf 77' lang='grc' dir='ltr'><strong><em>μαστιγῶσαι</em></strong></span> <span class='ocrx_word' id='word_1_12' title='bbox 1644 231 1749 284; x_wconf 82' lang='grc' dir='ltr'><strong><em>καὶ</em></strong></span> <span class='ocrx_word' id='word_1_13' title='bbox 1802 233 1906 301; x_wconf 83' lang='grc' dir='ltr'><strong><em>δῆ-</em></strong></span> 
     </span>
     <span class='ocr_line' id='line_1_3' title="bbox 222 315 1910 386; baseline 0.002 -16"><span class='ocrx_word' id='word_1_14' title='bbox 222 330 341 370; x_wconf 86' lang='grc' dir='ltr'><strong><em>σαι.</em></strong></span> <span class='ocrx_word' id='word_1_15' title='bbox 389 324 584 383; x_wconf 75' lang='grc' dir='ltr'><strong><em>ταῦτα,</em></strong></span> <span class='ocrx_word' id='word_1_16' title='bbox 633 315 674 371; x_wconf 82' lang='grc' dir='ltr'><em>ὦ</em></span> <span class='ocrx_word' id='word_1_17' title='bbox 717 320 1012 386; x_wconf 67' lang='grc' dir='ltr'><strong><em>Πόσειδον,</em></strong></span> <span class='ocrx_word' id='word_1_18' title='bbox 1051 317 1138 372; x_wconf 78' lang='grc' dir='ltr'><strong><em>ἐπὶ</em></strong></span> <span class='ocrx_word' id='word_1_19' title='bbox 1178 320 1542 386; x_wconf 84' lang='grc' dir='ltr'><strong><em>τηλικούτοις;</em></strong></span> <span class='ocrx_word' id='word_1_20' title='bbox 1589 329 1760 373; x_wconf 88' lang='grc' dir='ltr'><strong><em>ταῦτα</em></strong></span> <span class='ocrx_word' id='word_1_21' title='bbox 1798 319 1910 374; x_wconf 76' lang='grc' dir='ltr'><strong><em>Άλ-</em></strong></span> 
     </span>
     <span class='ocr_line' id='line_1_4' title="bbox 221 407 1909 478; baseline 0.002 -19"><span class='ocrx_word' id='word_1_22' title='bbox 221 410 422 474; x_wconf 85' lang='grc' dir='ltr'><strong><em>κίππης</em></strong></span> <span class='ocrx_word' id='word_1_23' title='bbox 460 407 843 475; x_wconf 83' lang='grc' dir='ltr'><strong><em>βεβιασμένης;</em></strong></span> <span class='ocrx_word' id='word_1_24' title='bbox 884 407 1027 461; x_wconf 80' lang='grc' dir='ltr'><strong><em>οὕτω</em></strong></span> <span class='ocrx_word' id='word_1_25' title='bbox 1069 421 1157 461; x_wconf 92' lang='grc' dir='ltr'><strong><em>σοι</em></strong></span> <span class='ocrx_word' id='word_1_26' title='bbox 1188 409 1353 476; x_wconf 79' lang='grc' dir='ltr'><strong><em>μικρὰ</em></strong></span> <span class='ocrx_word' id='word_1_27' title='bbox 1389 408 1528 475; x_wconf 85' lang='grc' dir='ltr'><strong><em>τάμὰ</em></strong></span> <span class='ocrx_word' id='word_1_28' title='bbox 1561 410 1837 477; x_wconf 85' lang='grc' dir='ltr'><strong><em>φαίνεται;</em></strong></span> <span class='ocrx_word' id='word_1_29' title='bbox 1877 410 1909 478; x_wconf 82' lang='grc' dir='ltr'>ἡ</span> 
     </span>
     <span class='ocr_line' id='line_1_5' title="bbox 219 492 1911 567; baseline 0.002 -20"><span class='ocrx_word' id='word_1_30' title='bbox 219 492 321 562; x_wconf 74' lang='grc' dir='ltr'><strong><em>μὲν</em></strong></span> <span class='ocrx_word' id='word_1_31' title='bbox 360 495 624 564; x_wconf 77' lang='grc' dir='ltr'><strong><em>ἀπόλωλε,</em></strong></span> <span class='ocrx_word' id='word_1_32' title='bbox 663 497 763 549; x_wconf 89' lang='grc' dir='ltr'><strong><em>τὸν</em></strong></span> <span class='ocrx_word' id='word_1_33' title='bbox 803 493 849 548; x_wconf 92' lang='grc' dir='ltr'><strong><em>δ’</em></strong></span> <span class='ocrx_word' id='word_1_34' title='bbox 890 498 1002 549; x_wconf 82' lang='grc' dir='ltr'><strong><em>ἔδει</em></strong></span> <span class='ocrx_word' id='word_1_35' title='bbox 1040 499 1295 550; x_wconf 79' lang='grc' dir='ltr'><strong><em>παθόντα</em></strong></span> <span class='ocrx_word' id='word_1_36' title='bbox 1335 495 1526 566; x_wconf 80' lang='grc' dir='ltr'><strong><em>οὐδέν,</em></strong></span> <span class='ocrx_word' id='word_1_37' title='bbox 1572 500 1628 550; x_wconf 89' lang='grc' dir='ltr'><strong><em>τί</em></strong></span> <span class='ocrx_word' id='word_1_38' title='bbox 1671 499 1775 567; x_wconf 77' lang='grc' dir='ltr'><strong><em>γὰρ</em></strong></span> <span class='ocrx_word' id='word_1_39' title='bbox 1820 497 1911 552; x_wconf 91' lang='grc' dir='ltr'><strong><em>καὶ</em></strong></span> 
     </span>
     <span class='ocr_line' id='line_1_6' title="bbox 132 582 1911 656; baseline 0.005 -25"><span class='ocrx_word' id='word_1_40' title='bbox 132 589 251 632; x_wconf 85' lang='lat' dir='ltr'><strong><em>RIV</em></strong></span> <span class='ocrx_word' id='word_1_41' title='bbox 268 594 353 633; x_wconf 84' lang='lat'><strong><em>415</em></strong></span> <span class='ocrx_word' id='word_1_42' title='bbox 401 591 571 637; x_wconf 89' lang='grc' dir='ltr'><strong><em>ταῦτα</em></strong></span> <span class='ocrx_word' id='word_1_43' title='bbox 620 584 653 637; x_wconf 77' lang='grc' dir='ltr'><strong><em>ἃ</em></strong></span> <span class='ocrx_word' id='word_1_44' title='bbox 700 585 896 655; x_wconf 78' lang='grc' dir='ltr'><strong><em>λέγεις;</em></strong></span> <span class='ocrx_word' id='word_1_45' title='bbox 951 582 1139 653; x_wconf 80' lang='grc' dir='ltr'><strong><em>γελᾶν;</em></strong></span> <span class='ocrx_word' id='word_1_46' title='bbox 1194 586 1332 638; x_wconf 86' lang='grc' dir='ltr'><strong><em>καλά</em></strong></span> <span class='ocrx_word' id='word_1_47' title='bbox 1378 605 1439 654; x_wconf 83' lang='grc' dir='ltr'><strong><em>γε</em></strong></span> <span class='ocrx_word' id='word_1_48' title='bbox 1503 586 1510 655; x_wconf 89' lang='grc' dir='ltr'>Ι</span> <span class='ocrx_word' id='word_1_49' title='bbox 1575 592 1911 656; x_wconf 79' lang='grc' dir='ltr'><strong><em>νομοθετεῖς.</em></strong></span> 
     </span>
     <span class='ocr_line' id='line_1_7' title="bbox 178 672 1911 745; baseline 0.001 -19"><span class='ocrx_word' id='word_1_50' title='bbox 178 694 196 726; x_wconf 82' lang='lat'>6</span> <span class='ocrx_word' id='word_1_51' title='bbox 226 674 308 726; x_wconf 83' lang='lat'><strong><em>16.</em></strong></span> <span class='ocrx_word' id='word_1_52' title='bbox 357 673 659 743; x_wconf 79' lang='grc' dir='ltr'><em>ἀπειχόμην</em></span> <span class='ocrx_word' id='word_1_53' title='bbox 706 673 775 726; x_wconf 78' lang='grc' dir='ltr'><strong><em>ἂν</em></strong></span> <span class='ocrx_word' id='word_1_54' title='bbox 816 672 1173 745; x_wconf 80' lang='grc' dir='ltr'><strong><em>Ἁλιρροθίου</em></strong></span> <span class='ocrx_word' id='word_1_55' title='bbox 1219 676 1354 728; x_wconf 77' lang='grc' dir='ltr'><strong><em>κατὰ</em></strong></span> <span class='ocrx_word' id='word_1_56' title='bbox 1406 684 1621 743; x_wconf 83' lang='grc' dir='ltr'><strong><em>πετρῶν</em></strong></span> <span class='ocrx_word' id='word_1_57' title='bbox 1667 676 1911 739; x_wconf 80' lang='grc' dir='ltr'><strong><em>ὤσαντος</em></strong></span> 
     </span>
     <span class='ocr_line' id='line_1_8' title="bbox 220 762 1910 834; baseline 0.001 -19"><span class='ocrx_word' id='word_1_58' title='bbox 220 764 321 831; x_wconf 84' lang='grc' dir='ltr'><strong><em>τὴν</em></strong></span> <span class='ocrx_word' id='word_1_59' title='bbox 359 762 664 831; x_wconf 72' lang='grc' dir='ltr'><strong><em>παρθένον,</em></strong></span> <span class='ocrx_word' id='word_1_60' title='bbox 706 764 1005 833; x_wconf 86' lang='grc' dir='ltr'><strong><em>ὀφθαλμὸν</em></strong></span> <span class='ocrx_word' id='word_1_61' title='bbox 1052 762 1409 833; x_wconf 83' lang='grc' dir='ltr'><strong><em>ἐκκόψαντος,</em></strong></span> <span class='ocrx_word' id='word_1_62' title='bbox 1462 774 1615 834; x_wconf 89' lang='grc' dir='ltr'><strong><em>χεῖρα</em></strong></span> <span class='ocrx_word' id='word_1_63' title='bbox 1661 783 1910 833; x_wconf 86' lang='grc' dir='ltr'><strong><em>πεπηρω-</em></strong></span> 
     </span>
     <span class='ocr_line' id='line_1_9' title="bbox 221 852 1909 922; baseline 0.001 -18"><span class='ocrx_word' id='word_1_64' title='bbox 221 854 395 917; x_wconf 72' lang='grc' dir='ltr'><strong><em>κότος,</em></strong></span> <span class='ocrx_word' id='word_1_65' title='bbox 436 853 569 905; x_wconf 79' lang='grc' dir='ltr'><strong><em>ἄλλο</em></strong></span> <span class='ocrx_word' id='word_1_66' title='bbox 612 873 664 905; x_wconf 91' lang='grc' dir='ltr'><strong><em>τι</em></strong></span> <span class='ocrx_word' id='word_1_67' title='bbox 703 852 867 922; x_wconf 88' lang='grc' dir='ltr'><strong><em>μέρος</em></strong></span> <span class='ocrx_word' id='word_1_68' title='bbox 905 860 1003 905; x_wconf 87' lang='grc' dir='ltr'><strong><em>τοῦ</em></strong></span> <span class='ocrx_word' id='word_1_69' title='bbox 1045 853 1308 920; x_wconf 76' lang='grc' dir='ltr'><strong><em>σώματος,</em></strong></span> <span class='ocrx_word' id='word_1_70' title='bbox 1348 854 1522 922; x_wconf 86' lang='grc' dir='ltr'><strong><em>αὐτὴν</em></strong></span> <span class='ocrx_word' id='word_1_71' title='bbox 1566 852 1909 922; x_wconf 81' lang='grc' dir='ltr'><strong><em>ἀφελομένου</em></strong></span> 
     </span>
     <span class='ocr_line' id='line_1_10' title="bbox 222 936 1911 1011; baseline 0.001 -18"><span class='ocrx_word' id='word_1_72' title='bbox 222 942 322 1009; x_wconf 81' lang='grc' dir='ltr'><strong><em>τὴν</em></strong></span> <span class='ocrx_word' id='word_1_73' title='bbox 364 944 569 1010; x_wconf 78' lang='grc' dir='ltr'><strong><em>ψυχήν,</em></strong></span> <span class='ocrx_word' id='word_1_74' title='bbox 621 943 668 994; x_wconf 83' lang='grc' dir='ltr'><strong><em>εἰ</em></strong></span> <span class='ocrx_word' id='word_1_75' title='bbox 707 940 798 994; x_wconf 83' lang='grc' dir='ltr'><strong><em>καὶ</em></strong></span> <span class='ocrx_word' id='word_1_76' title='bbox 839 942 1157 995; x_wconf 89' lang='grc' dir='ltr'><strong><em>δεινότατόν</em></strong></span> <span class='ocrx_word' id='word_1_77' title='bbox 1205 958 1291 995; x_wconf 92' lang='grc' dir='ltr'><strong><em>σοι</em></strong></span> <span class='ocrx_word' id='word_1_78' title='bbox 1337 950 1501 996; x_wconf 87' lang='grc' dir='ltr'><strong><em>τοῦτο</em></strong></span> <span class='ocrx_word' id='word_1_79' title='bbox 1543 936 1684 995; x_wconf 85' lang='grc' dir='ltr'><strong><em>εἶναι</em></strong></span> <span class='ocrx_word' id='word_1_80' title='bbox 1723 944 1911 1011; x_wconf 84' lang='grc' dir='ltr'><strong><em>φαίνε-</em></strong></span> 
     </span>
     <span class='ocr_line' id='line_1_11' title="bbox 155 1027 1909 1101; baseline 0.001 -19"><span class='ocrx_word' id='word_1_81' title='bbox 155 1050 199 1082; x_wconf 91' lang='lat'><strong><em>10</em></strong></span> <span class='ocrx_word' id='word_1_82' title='bbox 222 1049 332 1099; x_wconf 69' lang='grc' dir='ltr'><strong><em>ταις</em></strong></span> <span class='ocrx_word' id='word_1_83' title='bbox 373 1028 491 1097; x_wconf 84' lang='grc' dir='ltr'><strong><em>ἐμοὶ</em></strong></span> <span class='ocrx_word' id='word_1_84' title='bbox 538 1027 640 1099; x_wconf 78' lang='grc' dir='ltr'><strong><em>μὲν</em></strong></span> <span class='ocrx_word' id='word_1_85' title='bbox 682 1032 787 1101; x_wconf 80' lang='grc' dir='ltr'><strong><em>γὰρ</em></strong></span> <span class='ocrx_word' id='word_1_86' title='bbox 838 1032 899 1084; x_wconf 91' lang='grc' dir='ltr'><strong><em>τὸ</em></strong></span> <span class='ocrx_word' id='word_1_87' title='bbox 947 1034 1119 1096; x_wconf 81' lang='grc' dir='ltr'><strong><em>ζῶντα</em></strong></span> <span class='ocrx_word' id='word_1_88' title='bbox 1167 1031 1480 1084; x_wconf 83' lang='grc' dir='ltr'><strong><em>ὀδυνᾶσθαι</em></strong></span> <span class='ocrx_word' id='word_1_89' title='bbox 1527 1035 1738 1101; x_wconf 84' lang='grc' dir='ltr'><strong><em>μᾶλλον</em></strong></span> <span class='ocrx_word' id='word_1_90' title='bbox 1775 1031 1808 1100; x_wconf 83' lang='grc' dir='ltr'>ἢ</span> <span class='ocrx_word' id='word_1_91' title='bbox 1848 1032 1909 1084; x_wconf 92' lang='grc' dir='ltr'><strong><em>τὸ</em></strong></span> 
     </span>
     <span class='ocr_line' id='line_1_12' title="bbox 222 1115 1912 1189; baseline 0.002 -19"><span class='ocrx_word' id='word_1_92' title='bbox 222 1116 401 1187; x_wconf 84' lang='grc' dir='ltr'><strong><em>μηκέτ’</em></strong></span> <span class='ocrx_word' id='word_1_93' title='bbox 451 1115 605 1171; x_wconf 81' lang='grc' dir='ltr'><strong><em>εἶναι.</em></strong></span> <span class='ocrx_word' id='word_1_94' title='bbox 650 1119 710 1171; x_wconf 91' lang='grc' dir='ltr'><strong><em>τὸ</em></strong></span> <span class='ocrx_word' id='word_1_95' title='bbox 751 1119 852 1187; x_wconf 79' lang='grc' dir='ltr'><strong><em>μὲν</em></strong></span> <span class='ocrx_word' id='word_1_96' title='bbox 891 1119 994 1188; x_wconf 75' lang='grc' dir='ltr'><strong><em>γάρ</em></strong></span> <span class='ocrx_word' id='word_1_97' title='bbox 1035 1118 1187 1173; x_wconf 84' lang='grc' dir='ltr'><strong><em>ἐστιν</em></strong></span> <span class='ocrx_word' id='word_1_98' title='bbox 1226 1119 1454 1183; x_wconf 85' lang='grc' dir='ltr'><strong><em>οὐδενὸς</em></strong></span> <span class='ocrx_word' id='word_1_99' title='bbox 1501 1122 1912 1189; x_wconf 83' lang='grc' dir='ltr'><strong><em>αἰσθανόμενον</em></strong></span> 
     </span>
     <span class='ocr_line' id='line_1_13' title="bbox 222 1204 1911 1277; baseline 0.001 -17"><span class='ocrx_word' id='word_1_100' title='bbox 222 1213 461 1274; x_wconf 75' lang='grc' dir='ltr'><strong><em>κεῖσθαι,</em></strong></span> <span class='ocrx_word' id='word_1_101' title='bbox 500 1208 561 1261; x_wconf 90' lang='grc' dir='ltr'><strong><em>τὸ</em></strong></span> <span class='ocrx_word' id='word_1_102' title='bbox 603 1204 663 1260; x_wconf 74' lang='grc' dir='ltr'><strong><em>δὲ</em></strong></span> <span class='ocrx_word' id='word_1_103' title='bbox 702 1210 1004 1277; x_wconf 88' lang='grc' dir='ltr'><strong><em>τηκόμενον</em></strong></span> <span class='ocrx_word' id='word_1_104' title='bbox 1043 1206 1338 1275; x_wconf 77' lang='grc' dir='ltr'><strong><em>ἐπιθυμεῖν</em></strong></span> <span class='ocrx_word' id='word_1_105' title='bbox 1369 1209 1632 1262; x_wconf 77' lang='grc' dir='ltr'><strong><em>θανάτου.</em></strong></span> <span class='ocrx_word' id='word_1_106' title='bbox 1674 1208 1846 1271; x_wconf 80' lang='grc' dir='ltr'><strong><em>οὕτως</em></strong></span> <span class='ocrx_word' id='word_1_107' title='bbox 1877 1209 1911 1277; x_wconf 80' lang='grc' dir='ltr'><em>ἡ</em></span> 
     </span>
     <span class='ocr_line' id='line_1_14' title="bbox 225 1295 1913 1366; baseline 0.001 -17"><span class='ocrx_word' id='word_1_108' title='bbox 225 1300 364 1360; x_wconf 82' lang='grc' dir='ltr'><strong><em>ζῶσα</em></strong></span> <span class='ocrx_word' id='word_1_109' title='bbox 419 1296 554 1364; x_wconf 81' lang='grc' dir='ltr'><strong><em>αὕτη</em></strong></span> <span class='ocrx_word' id='word_1_110' title='bbox 611 1304 710 1350; x_wconf 87' lang='grc' dir='ltr'><strong><em>τοῦ</em></strong></span> <span class='ocrx_word' id='word_1_111' title='bbox 765 1303 1070 1359; x_wconf 82' lang='grc' dir='ltr'><strong><em>τεθνεῶτος</em></strong></span> <span class='ocrx_word' id='word_1_112' title='bbox 1118 1295 1332 1350; x_wconf 82' lang='grc' dir='ltr'><strong><em>ἐκείνου</em></strong></span> <span class='ocrx_word' id='word_1_113' title='bbox 1380 1296 1453 1350; x_wconf 90' lang='grc' dir='ltr'><strong><em>δι’</em></strong></span> <span class='ocrx_word' id='word_1_114' title='bbox 1511 1298 1644 1351; x_wconf 84' lang='grc' dir='ltr'><strong><em>αὐτὸ</em></strong></span> <span class='ocrx_word' id='word_1_115' title='bbox 1699 1298 1760 1350; x_wconf 92' lang='grc' dir='ltr'><strong><em>τὸ</em></strong></span> <span class='ocrx_word' id='word_1_116' title='bbox 1818 1300 1913 1366; x_wconf 83' lang='grc' dir='ltr'><strong><em>ζῆν</em></strong></span> 
     </span>
     <span class='ocr_line' id='line_1_15' title="bbox 225 1384 1913 1457; baseline 0.001 -20"><span class='ocrx_word' id='word_1_117' title='bbox 225 1384 548 1454; x_wconf 82' lang='grc' dir='ltr'><strong><em>ἀθλιωτέρα.</em></strong></span> <span class='ocrx_word' id='word_1_118' title='bbox 597 1385 664 1438; x_wconf 88' lang='grc' dir='ltr'><strong><em>οὐ</em></strong></span> <span class='ocrx_word' id='word_1_119' title='bbox 712 1387 815 1455; x_wconf 78' lang='grc' dir='ltr'><strong><em>γὰρ</em></strong></span> <span class='ocrx_word' id='word_1_120' title='bbox 864 1385 1188 1439; x_wconf 80' lang='grc' dir='ltr'><strong><em>ἀπαλλάττει</em></strong></span> <span class='ocrx_word' id='word_1_121' title='bbox 1236 1395 1330 1455; x_wconf 87' lang='grc' dir='ltr'><strong><em>τῆς</em></strong></span> <span class='ocrx_word' id='word_1_122' title='bbox 1369 1395 1466 1455; x_wconf 79' lang='grc' dir='ltr'><strong><em>γῆς</em></strong></span> <span class='ocrx_word' id='word_1_123' title='bbox 1508 1389 1568 1439; x_wconf 91' lang='grc' dir='ltr'><strong><em>τὸ</em></strong></span> <span class='ocrx_word' id='word_1_124' title='bbox 1616 1388 1913 1457; x_wconf 84' lang='grc' dir='ltr'><strong><em>πρόσωπον</em></strong></span> 
     </span>
     <span class='ocr_line' id='line_1_16' title="bbox 158 1471 1913 1544; baseline 0.001 -17"><span class='ocrx_word' id='word_1_125' title='bbox 158 1494 199 1527; x_wconf 76' lang='lat'><strong><em>1⁶</em></strong></span> <span class='ocrx_word' id='word_1_126' title='bbox 225 1471 356 1527; x_wconf 72' lang='grc' dir='ltr'><strong><em>οὐδὲ</em></strong></span> <span class='ocrx_word' id='word_1_127' title='bbox 410 1475 571 1527; x_wconf 86' lang='grc' dir='ltr'><strong><em>παύει</em></strong></span> <span class='ocrx_word' id='word_1_128' title='bbox 625 1475 906 1528; x_wconf 82' lang='grc' dir='ltr'><strong><em>κλάουσαν</em></strong></span> <span class='ocrx_word' id='word_1_129' title='bbox 959 1475 1133 1544; x_wconf 86' lang='grc' dir='ltr'><strong><em>αὐτὴν</em></strong></span> <span class='ocrx_word' id='word_1_130' title='bbox 1186 1474 1371 1538; x_wconf 77' lang='grc' dir='ltr'><strong><em>οὐδεὶς</em></strong></span> <span class='ocrx_word' id='word_1_131' title='bbox 1432 1477 1610 1544; x_wconf 80' lang='grc' dir='ltr'><strong><em>λόγος.</em></strong></span> <span class='ocrx_word' id='word_1_132' title='bbox 1674 1481 1797 1528; x_wconf 75' lang='grc' dir='ltr'><strong><em>ἴσον</em></strong></span> <span class='ocrx_word' id='word_1_133' title='bbox 1852 1475 1913 1528; x_wconf 82' lang='grc' dir='ltr'><strong><em>δὲ</em></strong></span> 
     </span>
     <span class='ocr_line' id='line_1_17' title="bbox 223 1562 1913 1634; baseline 0.001 -18"><span class='ocrx_word' id='word_1_134' title='bbox 223 1562 392 1634; x_wconf 81' lang='grc' dir='ltr'><strong><em>πέτρᾳ</em></strong></span> <span class='ocrx_word' id='word_1_135' title='bbox 432 1563 522 1616; x_wconf 83' lang='grc' dir='ltr'><strong><em>καὶ</em></strong></span> <span class='ocrx_word' id='word_1_136' title='bbox 562 1562 823 1634; x_wconf 81' lang='grc' dir='ltr'><strong><em>Άλκίππῃ</em></strong></span> <span class='ocrx_word' id='word_1_137' title='bbox 871 1564 1240 1633; x_wconf 78' lang='grc' dir='ltr'><strong><em>διαλέγεσθαι.</em></strong></span> <span class='ocrx_word' id='word_1_138' title='bbox 1292 1573 1463 1618; x_wconf 91' lang='grc' dir='ltr'><strong><em>κεῖται</em></strong></span> <span class='ocrx_word' id='word_1_139' title='bbox 1504 1562 1551 1618; x_wconf 88' lang='grc' dir='ltr'><strong><em>δ’</em></strong></span> <span class='ocrx_word' id='word_1_140' title='bbox 1600 1566 1784 1627; x_wconf 77' lang='grc' dir='ltr'><strong><em>ἄσιτος</em></strong></span> <span class='ocrx_word' id='word_1_141' title='bbox 1830 1564 1913 1617; x_wconf 87' lang='grc' dir='ltr'><strong><em>ἐκ-</em></strong></span> 
     </span>
     <span class='ocr_line' id='line_1_18' title="bbox 225 1649 1913 1724; baseline 0.001 -19"><span class='ocrx_word' id='word_1_142' title='bbox 225 1653 400 1705; x_wconf 90' lang='grc' dir='ltr'><strong><em>δοῦσα</em></strong></span> <span class='ocrx_word' id='word_1_143' title='bbox 439 1653 500 1706; x_wconf 91' lang='grc' dir='ltr'><strong><em>τὸ</em></strong></span> <span class='ocrx_word' id='word_1_144' title='bbox 540 1662 695 1722; x_wconf 85' lang='grc' dir='ltr'><strong><em>σῶμα</em></strong></span> <span class='ocrx_word' id='word_1_145' title='bbox 735 1663 935 1717; x_wconf 86' lang='grc' dir='ltr'><strong><em>κακοῖς.</em></strong></span> <span class='ocrx_word' id='word_1_146' title='bbox 983 1649 1069 1723; x_wconf 78' lang='grc' dir='ltr'><strong><em>ἀρ’</em></strong></span> <span class='ocrx_word' id='word_1_147' title='bbox 1116 1655 1184 1707; x_wconf 84' lang='grc' dir='ltr'><strong><em>οὐ</em></strong></span> <span class='ocrx_word' id='word_1_148' title='bbox 1225 1655 1489 1723; x_wconf 77' lang='grc' dir='ltr'><strong><em>δυστυχεῖ</em></strong></span> <span class='ocrx_word' id='word_1_149' title='bbox 1523 1661 1810 1724; x_wconf 81' lang='grc' dir='ltr'><strong><em>περιοῦσα;</em></strong></span> <span class='ocrx_word' id='word_1_150' title='bbox 1866 1655 1913 1706; x_wconf 84' lang='grc' dir='ltr'><strong><em>εἰ</em></strong></span> 
     </span>
     <span class='ocr_line' id='line_1_19' title="bbox 226 1726 1913 1812; baseline 0.001 -19"><span class='ocrx_word' id='word_1_151' title='bbox 226 1738 286 1794; x_wconf 75' lang='grc' dir='ltr'><strong><em>δὲ</em></strong></span> <span class='ocrx_word' id='word_1_152' title='bbox 342 1741 621 1811; x_wconf 82' lang='grc' dir='ltr'><strong><em>ἐμοίχευεν</em></strong></span> <span class='ocrx_word' id='word_1_153' title='bbox 672 1726 1044 1812; x_wconf 76' lang='grc' dir='ltr'><strong><em>Ἁλιρρόθιος,</em></strong></span> <span class='ocrx_word' id='word_1_154' title='bbox 1105 1742 1196 1796; x_wconf 88' lang='grc' dir='ltr'><strong><em>καὶ</em></strong></span> <span class='ocrx_word' id='word_1_155' title='bbox 1259 1742 1368 1796; x_wconf 84' lang='grc' dir='ltr'><strong><em>τότ’</em></strong></span> <span class='ocrx_word' id='word_1_156' title='bbox 1427 1742 1497 1796; x_wconf 76' lang='grc' dir='ltr'><strong><em>ἂν</em></strong></span> <span class='ocrx_word' id='word_1_157' title='bbox 1562 1743 1732 1796; x_wconf 89' lang='grc' dir='ltr'><strong><em>αὐτὸν</em></strong></span> <span class='ocrx_word' id='word_1_158' title='bbox 1799 1739 1913 1795; x_wconf 79' lang='grc' dir='ltr'><strong><em>ἔδει</em></strong></span> 
     </span>
     <span class='ocr_line' id='line_1_20' title="bbox 226 1830 1912 1901; baseline 0.001 -18"><span class='ocrx_word' id='word_1_159' title='bbox 226 1839 531 1899; x_wconf 80' lang='grc' dir='ltr'><strong><em>μαστιγοῦν</em></strong></span> <span class='ocrx_word' id='word_1_160' title='bbox 578 1830 610 1899; x_wconf 79' lang='grc' dir='ltr'>ἢ</span> <span class='ocrx_word' id='word_1_161' title='bbox 660 1832 803 1900; x_wconf 78' lang='grc' dir='ltr'><strong><em>δεῖν,</em></strong></span> <span class='ocrx_word' id='word_1_162' title='bbox 857 1831 1201 1886; x_wconf 85' lang='grc' dir='ltr'><strong><em>ἀποκτείνειν</em></strong></span> <span class='ocrx_word' id='word_1_163' title='bbox 1248 1832 1309 1886; x_wconf 80' lang='grc' dir='ltr'><strong><em>δὲ</em></strong></span> <span class='ocrx_word' id='word_1_164' title='bbox 1355 1834 1448 1901; x_wconf 85' lang='grc' dir='ltr'><strong><em>μή;</em></strong></span> <span class='ocrx_word' id='word_1_165' title='bbox 1503 1833 1681 1885; x_wconf 90' lang='grc' dir='ltr'><strong><em>καίτοι</em></strong></span> <span class='ocrx_word' id='word_1_166' title='bbox 1729 1832 1912 1885; x_wconf 89' lang='grc' dir='ltr'><strong><em>δεινὸν</em></strong></span> 
     </span>
     <span class='ocr_line' id='line_1_21' title="bbox 160 1918 1911 1993; baseline 0 -21"><span class='ocrx_word' id='word_1_167' title='bbox 160 1941 202 1973; x_wconf 75' lang='lat'><strong><em>20</em></strong></span> <span class='ocrx_word' id='word_1_168' title='bbox 225 1920 326 1989; x_wconf 84' lang='grc' dir='ltr'><strong><em>μὲν</em></strong></span> <span class='ocrx_word' id='word_1_169' title='bbox 364 1919 602 1990; x_wconf 85' lang='grc' dir='ltr'><strong><em>κάκεῖνο,</em></strong></span> <span class='ocrx_word' id='word_1_170' title='bbox 632 1924 818 1993; x_wconf 79' lang='grc' dir='ltr'><strong><em>πολλῷ</em></strong></span> <span class='ocrx_word' id='word_1_171' title='bbox 859 1922 921 1975; x_wconf 80' lang='grc' dir='ltr'><strong><em>δὲ</em></strong></span> <span class='ocrx_word' id='word_1_172' title='bbox 960 1923 1137 1990; x_wconf 82' lang='grc' dir='ltr'><strong><em>δήπου</em></strong></span> <span class='ocrx_word' id='word_1_173' title='bbox 1178 1922 1493 1992; x_wconf 87' lang='grc' dir='ltr'><strong><em>δεινότερον</em></strong></span> <span class='ocrx_word' id='word_1_174' title='bbox 1530 1928 1629 1974; x_wconf 88' lang='grc' dir='ltr'><strong><em>τοῦ</em></strong></span> <span class='ocrx_word' id='word_1_175' title='bbox 1677 1918 1911 1989; x_wconf 77' lang='grc' dir='ltr'><strong><em>γημαμέ-</em></strong></span> 
     </span>
    </p>
   </div>
   <div class='ocr_carea' id='block_1_3' title="bbox 339 2027 527 2032">
    <p class='ocr_par' dir='ltr' id='par_1_3' title="bbox 339 2027 527 2032">
     <span class='ocr_line' id='line_1_22' title="bbox 339 2027 527 2032; baseline 0 0"><span class='ocrx_word' id='word_1_176' title='bbox 339 2027 527 2032; x_wconf 95' lang='lat' dir='ltr'><strong><em> </em></strong></span> 
     </span>
    </p>
   </div>
   <div class='ocr_carea' id='block_1_4' title="bbox 225 2080 1915 2965">
    <p class='ocr_par' dir='ltr' id='par_1_4' title="bbox 225 2080 1914 2254">
     <span class='ocr_line' id='line_1_23' title="bbox 226 2080 1914 2139; baseline 0 -14"><span class='ocrx_word' id='word_1_177' title='bbox 226 2082 359 2126; x_wconf 80' lang='lat' dir='ltr'>Anal.</span> <span class='ocrx_word' id='word_1_178' title='bbox 384 2081 406 2124; x_wconf 97' lang='lat' dir='ltr'><strong>I</strong></span> <span class='ocrx_word' id='word_1_179' title='bbox 438 2086 522 2126; x_wconf 83' lang='lat'><strong><em>379</em></strong></span> <span class='ocrx_word' id='word_1_180' title='bbox 563 2082 676 2126; x_wconf 73' lang='lat' dir='ltr'>Lect</span> <span class='ocrx_word' id='word_1_181' title='bbox 709 2086 793 2126; x_wconf 84' lang='lat'><strong><em>120</em></strong></span> <span class='ocrx_word' id='word_1_182' title='bbox 826 2082 930 2139; x_wconf 90' lang='lat' dir='ltr'><strong><em>App</em></strong></span> <span class='ocrx_word' id='word_1_183' title='bbox 962 2082 1074 2126; x_wconf 87' lang='lat' dir='ltr'><strong><em>Pors</em></strong></span> <span class='ocrx_word' id='word_1_184' title='bbox 1107 2087 1191 2127; x_wconf 82' lang='lat'><strong><em>327</em></strong></span> <span class='ocrx_word' id='word_1_185' title='bbox 1233 2084 1280 2126; x_wconf 69' lang='lat' dir='ltr'><strong><em>eb</em></strong></span> <span class='ocrx_word' id='word_1_186' title='bbox 1320 2082 1476 2126; x_wconf 83' lang='lat' dir='ltr'>Gasda</span> <span class='ocrx_word' id='word_1_187' title='bbox 1553 2080 1704 2137; x_wconf 80' lang='grc' dir='ltr'><strong><em>ὥσπερ</em></strong></span> <span class='ocrx_word' id='word_1_188' title='bbox 1744 2080 1914 2139; x_wconf 84' lang='grc' dir='ltr'><strong><em>βουλὴν</em></strong></span> 
     </span>
     <span class='ocr_line' id='line_1_24' title="bbox 225 2140 1914 2199; baseline -0.001 -15"><span class='ocrx_word' id='word_1_189' title='bbox 225 2141 335 2185; x_wconf 90' lang='lat' dir='ltr'>libri</span> <span class='ocrx_word' id='word_1_190' title='bbox 374 2141 455 2185; x_wconf 91' lang='lat' dir='ltr'><strong><em>sed</em></strong></span> <span class='ocrx_word' id='word_1_191' title='bbox 495 2142 556 2193; x_wconf 85' lang='grc' dir='ltr'><strong><em>ὡς</em></strong></span> <span class='ocrx_word' id='word_1_192' title='bbox 594 2141 854 2199; x_wconf 80' lang='grc' dir='ltr'><strong><em>ὑπερβολὴν</em></strong></span> <span class='ocrx_word' id='word_1_193' title='bbox 892 2142 941 2185; x_wconf 86' lang='lat' dir='ltr'>in</span> <span class='ocrx_word' id='word_1_194' title='bbox 979 2155 1114 2199; x_wconf 84' lang='lat' dir='ltr'>marg</span> <span class='ocrx_word' id='word_1_195' title='bbox 1148 2142 1186 2186; x_wconf 80' lang='lat' dir='ltr'><strong><em>G</em></strong></span> <span class='ocrx_word' id='word_1_196' title='bbox 1212 2144 1259 2186; x_wconf 70' lang='lat' dir='ltr'><strong><em>et</em></strong></span> <span class='ocrx_word' id='word_1_197' title='bbox 1297 2140 1365 2199; x_wconf 79' lang='grc' dir='ltr'><strong><em>γρ’</em></strong></span> <span class='ocrx_word' id='word_1_198' title='bbox 1408 2140 1655 2199; x_wconf 84' lang='grc' dir='ltr'><strong><em>ἐπιβουλὴν</em></strong></span> <span class='ocrx_word' id='word_1_199' title='bbox 1693 2140 1742 2184; x_wconf 90' lang='lat' dir='ltr'>in</span> <span class='ocrx_word' id='word_1_200' title='bbox 1780 2154 1914 2197; x_wconf 84' lang='lat' dir='ltr'>marg</span> 
     </span>
     <span class='ocr_line' id='line_1_25' title="bbox 236 2201 465 2254; baseline 0 -11"><span class='ocrx_word' id='word_1_201' title='bbox 236 2201 340 2254; x_wconf 78' lang='lat' dir='ltr'>Va·⁰’‚</span> <span class='ocrx_word' id='word_1_202' title='bbox 374 2201 465 2244; x_wconf 88' lang='lat' dir='ltr'><strong><em>edd</em></strong></span> 
     </span>
    </p>

    <p class='ocr_par' dir='ltr' id='par_1_5' title="bbox 227 2255 1915 2434">
     <span class='ocr_line' id='line_1_26' title="bbox 348 2255 1915 2318; baseline -0.001 -16"><span class='ocrx_word' id='word_1_203' title='bbox 348 2264 369 2302; x_wconf 92' lang='lat'>1</span> <span class='ocrx_word' id='word_1_204' title='bbox 415 2255 473 2316; x_wconf 82' lang='grc' dir='ltr'><strong><em>ἦν</em></strong></span> <span class='ocrx_word' id='word_1_205' title='bbox 506 2259 584 2318; x_wconf 77' lang='grc' dir='ltr'><strong><em>ἄν]</em></strong></span> <span class='ocrx_word' id='word_1_206' title='bbox 621 2261 730 2315; x_wconf 83' lang='grc' dir='ltr'><strong><em>ἐνῆν</em></strong></span> <span class='ocrx_word' id='word_1_207' title='bbox 770 2259 875 2304; x_wconf 82' lang='lat' dir='ltr'>coni</span> <span class='ocrx_word' id='word_1_208' title='bbox 907 2260 1063 2303; x_wconf 80' lang='lat' dir='ltr'>Gasda</span> <span class='ocrx_word' id='word_1_209' title='bbox 1207 2265 1231 2302; x_wconf 90' lang='lat'><strong>3</strong></span> <span class='ocrx_word' id='word_1_210' title='bbox 1277 2258 1394 2304; x_wconf 73' lang='grc' dir='ltr'><strong><em>οὕτω</em></strong></span> <span class='ocrx_word' id='word_1_211' title='bbox 1429 2261 1518 2304; x_wconf 84' lang='grc' dir='ltr'><strong><em>Μα</em></strong></span> <span class='ocrx_word' id='word_1_212' title='bbox 1557 2259 1638 2302; x_wconf 89' lang='lat' dir='ltr'><strong><em>sed</em></strong></span> <span class='ocrx_word' id='word_1_213' title='bbox 1677 2275 1731 2315; x_wconf 77' lang='grc' dir='ltr'><strong><em>γρ</em></strong></span> <span class='ocrx_word' id='word_1_214' title='bbox 1771 2257 1915 2308; x_wconf 84' lang='grc' dir='ltr'><strong><em>ὄντως</em></strong></span> 
     </span>
     <span class='ocr_line' id='line_1_27' title="bbox 228 2317 1915 2375; baseline -0.001 -13"><span class='ocrx_word' id='word_1_215' title='bbox 228 2333 442 2375; x_wconf 81' lang='lat' dir='ltr'>suprascr</span> <span class='ocrx_word' id='word_1_216' title='bbox 472 2318 541 2362; x_wconf 84' lang='lat' dir='ltr'><strong><em>m²</em></strong></span> <span class='ocrx_word' id='word_1_217' title='bbox 602 2318 746 2369; x_wconf 75' lang='grc' dir='ltr'><strong><em>οὕτως</em></strong></span> <span class='ocrx_word' id='word_1_218' title='bbox 777 2320 836 2364; x_wconf 87' lang='grc' dir='ltr'>Η</span> <span class='ocrx_word' id='word_1_219' title='bbox 964 2324 990 2361; x_wconf 88' lang='grc'>4</span> <span class='ocrx_word' id='word_1_220' title='bbox 1023 2317 1068 2363; x_wconf 79' lang='grc' dir='ltr'><strong><em>δ’</em></strong></span> <span class='ocrx_word' id='word_1_221' title='bbox 1098 2320 1192 2364; x_wconf 78' lang='grc' dir='ltr'><strong><em>ἔδει</em></strong></span> <span class='ocrx_word' id='word_1_222' title='bbox 1223 2319 1387 2375; x_wconf 81' lang='lat' dir='ltr'>scripsi</span> <span class='ocrx_word' id='word_1_223' title='bbox 1419 2333 1444 2362; x_wconf 90' lang='lat' dir='ltr'>e</span> <span class='ocrx_word' id='word_1_224' title='bbox 1470 2320 1526 2363; x_wconf 79' lang='lat' dir='ltr'><strong><em>Vi</em></strong></span> <span class='ocrx_word' id='word_1_225' title='bbox 1555 2320 1609 2361; x_wconf 69' lang='lat' dir='ltr'><strong><em>ub</em></strong></span> <span class='ocrx_word' id='word_1_226' title='bbox 1633 2317 1736 2361; x_wconf 88' lang='lat' dir='ltr'>coni</span> <span class='ocrx_word' id='word_1_227' title='bbox 1767 2317 1834 2361; x_wconf 87' lang='lat' dir='ltr'><strong><em>Re</em></strong></span> <span class='ocrx_word' id='word_1_228' title='bbox 1868 2319 1915 2360; x_wconf 72' lang='lat' dir='ltr'><strong><em>et</em></strong></span> 
     </span>
     <span class='ocr_line' id='line_1_28' title="bbox 227 2377 1913 2434; baseline 0 -13"><span class='ocrx_word' id='word_1_229' title='bbox 227 2378 388 2422; x_wconf 80' lang='lat' dir='ltr'>Iacobs</span> <span class='ocrx_word' id='word_1_230' title='bbox 422 2379 533 2422; x_wconf 75' lang='lat' dir='ltr'>Leot</span> <span class='ocrx_word' id='word_1_231' title='bbox 574 2382 657 2421; x_wconf 87' lang='lat'><strong><em>120</em></strong></span> <span class='ocrx_word' id='word_1_232' title='bbox 742 2377 793 2422; x_wconf 78' lang='grc' dir='ltr'><strong><em>δὲ</em></strong></span> <span class='ocrx_word' id='word_1_233' title='bbox 834 2380 907 2422; x_wconf 87' lang='grc' dir='ltr'><strong><em>δεῖ</em></strong></span> <span class='ocrx_word' id='word_1_234' title='bbox 935 2378 1104 2434; x_wconf 85' lang='lat' dir='ltr'><strong>reliqui</strong></span> <span class='ocrx_word' id='word_1_235' title='bbox 1143 2378 1253 2422; x_wconf 86' lang='lat' dir='ltr'>libri</span> <span class='ocrx_word' id='word_1_236' title='bbox 1292 2378 1382 2421; x_wconf 88' lang='lat' dir='ltr'><strong><em>edd</em></strong></span> <span class='ocrx_word' id='word_1_237' title='bbox 1533 2382 1558 2420; x_wconf 88' lang='lat'>5</span> <span class='ocrx_word' id='word_1_238' title='bbox 1592 2379 1730 2433; x_wconf 77' lang='grc' dir='ltr'><strong><em>γελᾶν</em></strong></span> <span class='ocrx_word' id='word_1_239' title='bbox 1761 2391 1834 2419; x_wconf 90' lang='lat' dir='ltr'><strong><em>om</em></strong></span> <span class='ocrx_word' id='word_1_240' title='bbox 1868 2378 1913 2421; x_wconf 93' lang='lat' dir='ltr'><strong><em>B</em></strong></span> 
     </span>
    </p>

    <p class='ocr_par' dir='ltr' id='par_1_6' title="bbox 228 2430 1914 2553">
     <span class='ocr_line' id='line_1_29' title="bbox 349 2430 1912 2495; baseline -0.002 -14"><span class='ocrx_word' id='word_1_241' title='bbox 349 2442 374 2480; x_wconf 88' lang='grc'>6</span> <span class='ocrx_word' id='word_1_242' title='bbox 414 2436 670 2495; x_wconf 87' lang='grc' dir='ltr'><strong><em>ἀπειχόμην</em></strong></span> <span class='ocrx_word' id='word_1_243' title='bbox 705 2439 772 2481; x_wconf 85' lang='lat' dir='ltr'><strong><em>Va</em></strong></span> <span class='ocrx_word' id='word_1_244' title='bbox 804 2438 885 2481; x_wconf 80' lang='lat' dir='ltr'><strong><em>sed</em></strong></span> <span class='ocrx_word' id='word_1_245' title='bbox 926 2453 966 2481; x_wconf 87' lang='grc' dir='ltr'><strong><em>ει</em></strong></span> <span class='ocrx_word' id='word_1_246' title='bbox 997 2438 1045 2480; x_wconf 89' lang='lat' dir='ltr'>in</span> <span class='ocrx_word' id='word_1_247' title='bbox 1082 2452 1157 2481; x_wconf 82' lang='lat' dir='ltr'><strong><em>ras</em></strong></span> <span class='ocrx_word' id='word_1_248' title='bbox 1190 2436 1260 2480; x_wconf 82' lang='lat' dir='ltr'><strong><em>m²</em></strong></span> <span class='ocrx_word' id='word_1_249' title='bbox 1402 2441 1427 2480; x_wconf 90' lang='lat'><em>8</em></span> <span class='ocrx_word' id='word_1_250' title='bbox 1468 2435 1613 2492; x_wconf 84' lang='grc' dir='ltr'><strong><em>αὐτὴν</em></strong></span> <span class='ocrx_word' id='word_1_251' title='bbox 1645 2461 1700 2468; x_wconf 84' lang='lat'>-</span> <span class='ocrx_word' id='word_1_252' title='bbox 1734 2439 1759 2478; x_wconf 85' lang='lat'>9</span> <span class='ocrx_word' id='word_1_253' title='bbox 1793 2430 1912 2479; x_wconf 86' lang='grc' dir='ltr'><strong><em>εἶναι</em></strong></span> 
     </span>
     <span class='ocr_line' id='line_1_30' title="bbox 228 2493 1914 2553; baseline -0.002 -14"><span class='ocrx_word' id='word_1_254' title='bbox 228 2496 275 2539; x_wconf 90' lang='lat' dir='ltr'>in</span> <span class='ocrx_word' id='word_1_255' title='bbox 308 2510 442 2552; x_wconf 83' lang='lat' dir='ltr'>marg</span> <span class='ocrx_word' id='word_1_256' title='bbox 473 2497 542 2540; x_wconf 85' lang='lat' dir='ltr'><strong><em>Va</em></strong></span> <span class='ocrx_word' id='word_1_257' title='bbox 671 2502 695 2539; x_wconf 87' lang='lat'>9</span> <span class='ocrx_word' id='word_1_258' title='bbox 729 2496 811 2552; x_wconf 86' lang='grc' dir='ltr'><strong><em>τὴν</em></strong></span> <span class='ocrx_word' id='word_1_259' title='bbox 843 2495 1012 2553; x_wconf 75' lang='grc' dir='ltr'><strong><em>ψυχήν,</em></strong></span> <span class='ocrx_word' id='word_1_260' title='bbox 1047 2497 1087 2540; x_wconf 88' lang='grc' dir='ltr'><strong><em>εἰ</em></strong></span> <span class='ocrx_word' id='word_1_261' title='bbox 1118 2497 1196 2540; x_wconf 83' lang='grc' dir='ltr'><strong><em>καὶ</em></strong></span> <span class='ocrx_word' id='word_1_262' title='bbox 1228 2496 1352 2539; x_wconf 85' lang='lat' dir='ltr'>inser</span> <span class='ocrx_word' id='word_1_263' title='bbox 1377 2495 1488 2540; x_wconf 80' lang='lat' dir='ltr'><strong><em>Ma²</em></strong></span> <span class='ocrx_word' id='word_1_264' title='bbox 1537 2498 1543 2551; x_wconf 94' lang='grc' dir='ltr'>Ι</span> <span class='ocrx_word' id='word_1_265' title='bbox 1593 2493 1835 2549; x_wconf 78' lang='grc' dir='ltr'><strong><em>δεινοτάτη</em></strong></span> <span class='ocrx_word' id='word_1_266' title='bbox 1863 2495 1914 2538; x_wconf 77' lang='lat' dir='ltr'><strong><em>Ol</em></strong></span> 
     </span>
    </p>

    <p class='ocr_par' dir='ltr' id='par_1_7' title="bbox 229 2552 1913 2965">
     <span class='ocr_line' id='line_1_31' title="bbox 349 2552 1913 2612; baseline -0.003 -13"><span class='ocrx_word' id='word_1_267' title='bbox 349 2559 403 2599; x_wconf 90' lang='lat'><strong><em>10</em></strong></span> <span class='ocrx_word' id='word_1_268' title='bbox 445 2555 628 2611; x_wconf 89' lang='lat' dir='ltr'>signum</span> <span class='ocrx_word' id='word_1_269' title='bbox 667 2556 1042 2611; x_wconf 69' lang='lat' dir='ltr'>interrogationis</span> <span class='ocrx_word' id='word_1_270' title='bbox 1076 2555 1210 2612; x_wconf 91' lang='lat' dir='ltr'>posui</span> <span class='ocrx_word' id='word_1_271' title='bbox 1242 2570 1298 2598; x_wconf 84' lang='lat' dir='ltr'><strong><em>ex</em></strong></span> <span class='ocrx_word' id='word_1_272' title='bbox 1322 2557 1373 2599; x_wconf 86' lang='grc' dir='ltr'><em>Η</em></span> <span class='ocrx_word' id='word_1_273' title='bbox 1443 2554 1574 2598; x_wconf 87' lang='lat' dir='ltr'>colon</span> <span class='ocrx_word' id='word_1_274' title='bbox 1603 2552 1772 2608; x_wconf 85' lang='lat' dir='ltr'>reliqui</span> <span class='ocrx_word' id='word_1_275' title='bbox 1804 2552 1913 2596; x_wconf 86' lang='lat' dir='ltr'>libri</span> 
     </span>
     <span class='ocr_line' id='line_1_32' title="bbox 229 2609 1909 2670; baseline 0 -14"><span class='ocrx_word' id='word_1_276' title='bbox 229 2614 318 2657; x_wconf 86' lang='lat' dir='ltr'><strong><em>edd</em></strong></span> <span class='ocrx_word' id='word_1_277' title='bbox 347 2616 353 2670; x_wconf 86' lang='grc' dir='ltr'>Ι</span> <span class='ocrx_word' id='word_1_278' title='bbox 381 2614 537 2659; x_wconf 88' lang='grc' dir='ltr'><strong><em>δεινὸν</em></strong></span> <span class='ocrx_word' id='word_1_279' title='bbox 563 2617 670 2658; x_wconf 73' lang='lat' dir='ltr'><strong><em>ante</em></strong></span> <span class='ocrx_word' id='word_1_280' title='bbox 702 2617 873 2670; x_wconf 82' lang='grc' dir='ltr'><strong><em>μᾶλλον</em></strong></span> <span class='ocrx_word' id='word_1_281' title='bbox 901 2615 991 2658; x_wconf 90' lang='lat' dir='ltr'><strong><em>edd</em></strong></span> <span class='ocrx_word' id='word_1_282' title='bbox 1055 2614 1204 2658; x_wconf 85' lang='lat' dir='ltr'>delevi</span> <span class='ocrx_word' id='word_1_283' title='bbox 1328 2619 1376 2657; x_wconf 88' lang='lat'><strong><em>11</em></strong></span> <span class='ocrx_word' id='word_1_284' title='bbox 1405 2612 1564 2670; x_wconf 79' lang='grc' dir='ltr'><strong><em>μηκέτι</em></strong></span> <span class='ocrx_word' id='word_1_285' title='bbox 1587 2613 1642 2656; x_wconf 74' lang='lat' dir='ltr'><strong><em>Vi</em></strong></span> <span class='ocrx_word' id='word_1_286' title='bbox 1764 2616 1817 2654; x_wconf 87' lang='lat'><strong><em>13</em></strong></span> <span class='ocrx_word' id='word_1_287' title='bbox 1844 2609 1909 2656; x_wconf 83' lang='grc' dir='ltr'><strong><em>δι’</em></strong></span> 
     </span>
     <span class='ocr_line' id='line_1_33' title="bbox 230 2670 1912 2732; baseline -0.002 -15"><span class='ocrx_word' id='word_1_288' title='bbox 230 2699 283 2704; x_wconf 95' lang='grc'><strong>-</strong></span> <span class='ocrx_word' id='word_1_289' title='bbox 312 2678 366 2717; x_wconf 83' lang='grc'><strong><em>14</em></strong></span> <span class='ocrx_word' id='word_1_290' title='bbox 392 2672 654 2728; x_wconf 84' lang='grc' dir='ltr'><strong><em>ἀθλιωτέρα</em></strong></span> <span class='ocrx_word' id='word_1_291' title='bbox 686 2687 761 2717; x_wconf 92' lang='lat' dir='ltr'><strong><em>om</em></strong></span> <span class='ocrx_word' id='word_1_292' title='bbox 793 2674 837 2716; x_wconf 91' lang='lat' dir='ltr'><strong><em>B</em></strong></span> <span class='ocrx_word' id='word_1_293' title='bbox 866 2674 872 2732; x_wconf 86' lang='grc' dir='ltr'>Ι</span> <span class='ocrx_word' id='word_1_294' title='bbox 900 2674 1186 2728; x_wconf 82' lang='grc' dir='ltr'><strong><em>ἀθλιώτερον</em></strong></span> <span class='ocrx_word' id='word_1_295' title='bbox 1221 2673 1274 2718; x_wconf 81' lang='lat' dir='ltr'><strong><em>Cl</em></strong></span> <span class='ocrx_word' id='word_1_296' title='bbox 1394 2677 1447 2716; x_wconf 84' lang='lat'><strong><em>15</em></strong></span> <span class='ocrx_word' id='word_1_297' title='bbox 1487 2670 1721 2716; x_wconf 79' lang='grc' dir='ltr'><strong><em>κλάουσαν</em></strong></span> <span class='ocrx_word' id='word_1_298' title='bbox 1749 2670 1912 2726; x_wconf 85' lang='lat' dir='ltr'>scripsi</span> 
     </span>
     <span class='ocr_line' id='line_1_34' title="bbox 231 2728 1776 2789; baseline -0.001 -14"><span class='ocrx_word' id='word_1_299' title='bbox 231 2746 286 2775; x_wconf 85' lang='lat' dir='ltr'><strong><em>ex</em></strong></span> <span class='ocrx_word' id='word_1_300' title='bbox 318 2733 669 2778; x_wconf 74' lang='lat' dir='ltr'>HOWBMaOE</span> <span class='ocrx_word' id='word_1_301' title='bbox 744 2730 999 2777; x_wconf 83' lang='grc' dir='ltr'><strong><em>κλαίουσαν</em></strong></span> <span class='ocrx_word' id='word_1_302' title='bbox 1037 2734 1102 2777; x_wconf 87' lang='lat' dir='ltr'><strong><em>Va</em></strong></span> <span class='ocrx_word' id='word_1_303' title='bbox 1141 2733 1232 2777; x_wconf 86' lang='lat' dir='ltr'><strong><em>edd</em></strong></span> <span class='ocrx_word' id='word_1_304' title='bbox 1282 2735 1287 2789; x_wconf 90' lang='grc' dir='ltr'>Ι</span> <span class='ocrx_word' id='word_1_305' title='bbox 1338 2728 1437 2776; x_wconf 84' lang='grc' dir='ltr'><strong><em>ἴσον</em></strong></span> <span class='ocrx_word' id='word_1_306' title='bbox 1471 2730 1776 2776; x_wconf 77' lang='lat' dir='ltr'><strong><em>HGViMaCl</em></strong></span> 
     </span>
     <span class='ocr_line' id='line_1_35' title="bbox 232 2788 1912 2850; baseline -0.001 -17"><span class='ocrx_word' id='word_1_307' title='bbox 232 2795 285 2834; x_wconf 88' lang='lat'><strong><em>18</em></strong></span> <span class='ocrx_word' id='word_1_308' title='bbox 311 2791 371 2848; x_wconf 90' lang='grc' dir='ltr'><strong><em>μὴ</em></strong></span> <span class='ocrx_word' id='word_1_309' title='bbox 396 2789 576 2850; x_wconf 75' lang='grc' dir='ltr'><strong><em>ὕβριζεν</em></strong></span> <span class='ocrx_word' id='word_1_310' title='bbox 602 2793 667 2841; x_wconf 85' lang='grc' dir='ltr'><strong><em>εἰς</em></strong></span> <span class='ocrx_word' id='word_1_311' title='bbox 691 2792 837 2848; x_wconf 78' lang='grc' dir='ltr'><strong><em>αὐτὴν</em></strong></span> <span class='ocrx_word' id='word_1_312' title='bbox 860 2790 1102 2845; x_wconf 83' lang='grc' dir='ltr'><strong><em>παρθένον</em></strong></span> <span class='ocrx_word' id='word_1_313' title='bbox 1129 2789 1288 2843; x_wconf 83' lang='grc' dir='ltr'><strong><em>οὖσαν,</em></strong></span> <span class='ocrx_word' id='word_1_314' title='bbox 1315 2788 1411 2834; x_wconf 86' lang='grc' dir='ltr'><strong><em>ἀλλ’</em></strong></span> <span class='ocrx_word' id='word_1_315' title='bbox 1442 2790 1578 2844; x_wconf 81' lang='grc' dir='ltr'><strong><em>ἀνδρὶ</em></strong></span> <span class='ocrx_word' id='word_1_316' title='bbox 1605 2795 1912 2832; x_wconf 86' lang='grc' dir='ltr'><strong><em>συνοικοῦσαν</em></strong></span> 
     </span>
     <span class='ocr_line' id='line_1_36' title="bbox 231 2848 1912 2908; baseline -0.002 -15"><span class='ocrx_word' id='word_1_317' title='bbox 231 2848 484 2906; x_wconf 81' lang='grc' dir='ltr'><strong><em>ἐμοίχευεν·</em></strong></span> <span class='ocrx_word' id='word_1_318' title='bbox 525 2850 566 2894; x_wconf 86' lang='grc' dir='ltr'><strong><em>εἰ</em></strong></span> <span class='ocrx_word' id='word_1_319' title='bbox 604 2852 654 2895; x_wconf 82' lang='grc' dir='ltr'><strong><em>δὲ</em></strong></span> <span class='ocrx_word' id='word_1_320' title='bbox 695 2853 804 2894; x_wconf 83' lang='lat' dir='ltr'><strong><em>ante</em></strong></span> <span class='ocrx_word' id='word_1_321' title='bbox 843 2849 1079 2908; x_wconf 80' lang='grc' dir='ltr'><strong><em>ἐμοίχευεν</em></strong></span> <span class='ocrx_word' id='word_1_322' title='bbox 1115 2852 1171 2894; x_wconf 84' lang='lat' dir='ltr'><strong><em>Vi</em></strong></span> <span class='ocrx_word' id='word_1_323' title='bbox 1218 2855 1224 2905; x_wconf 86' lang='grc' dir='ltr'>Ι</span> <span class='ocrx_word' id='word_1_324' title='bbox 1274 2848 1332 2894; x_wconf 74' lang='grc' dir='ltr'><strong><em>ἂν</em></strong></span> <span class='ocrx_word' id='word_1_325' title='bbox 1373 2864 1447 2893; x_wconf 92' lang='lat' dir='ltr'><strong><em>om</em></strong></span> <span class='ocrx_word' id='word_1_326' title='bbox 1483 2849 1525 2892; x_wconf 92' lang='lat' dir='ltr'><em>B</em></span> <span class='ocrx_word' id='word_1_327' title='bbox 1665 2852 1715 2891; x_wconf 88' lang='grc'><strong><em>19</em></strong></span> <span class='ocrx_word' id='word_1_328' title='bbox 1761 2849 1912 2904; x_wconf 76' lang='grc' dir='ltr'><strong><em>δῆσαι,</em></strong></span> 
     </span>
     <span class='ocr_line' id='line_1_37' title="bbox 230 2908 1123 2965; baseline 0.002 -13"><span class='ocrx_word' id='word_1_329' title='bbox 230 2909 503 2954; x_wconf 79' lang='grc' dir='ltr'><strong><em>ἀποκτεῖναι</em></strong></span> <span class='ocrx_word' id='word_1_330' title='bbox 535 2911 578 2952; x_wconf 88' lang='grc' dir='ltr'><em>Β</em></span> <span class='ocrx_word' id='word_1_331' title='bbox 701 2916 755 2953; x_wconf 75' lang='lat'><strong><em>:30</em></strong></span> <span class='ocrx_word' id='word_1_332' title='bbox 788 2908 941 2965; x_wconf 88' lang='grc' dir='ltr'><strong><em>δήπου</em></strong></span> <span class='ocrx_word' id='word_1_333' title='bbox 973 2923 1048 2953; x_wconf 90' lang='lat' dir='ltr'><strong><em>om</em></strong></span> <span class='ocrx_word' id='word_1_334' title='bbox 1079 2911 1123 2954; x_wconf 91' lang='lat' dir='ltr'><em>B</em></span> 
     </span>
    </p>
   </div>
  </div>
 </body>
</html>
