2054 3192
121 1098 163 1129 10

120 1541 162 1573 15

192 140 263 193 62
687 141 916 184 LIBANII
946 140 1336 186 DECLAMATIO
1368 142 1389 186 I

192 283 356 328 τοῦτο
399 276 662 345 δεύτερον
701 274 967 346 ἐρομένου
1008 279 1342 345 Σωκράτους
1382 278 1483 330 οὐκ
1528 280 1679 331 ἔστιν
1718 280 1883 348 ἄρνη-

192 378 290 427 σις.
332 364 577 417 οὐκοῦν
617 363 646 417 ὁ
686 373 912 434 τοῖχον
953 365 1320 435 διορύττων
1358 365 1463 418 καὶ
1503 366 1712 435 τάφον
1749 364 1882 436 ἔχει

189 454 487 523 μάρτυρα
519 454 730 522 σοφὸν
762 454 993 521 ἄνδρα,
1026 455 1138 506 τὸν
1163 453 1499 523 “Ησίοδον,
1531 463 1645 508 τοῦ
1678 453 1884 524 μηδὲν

191 541 459 595 ἀδικεῖν.
499 540 745 594 ἐνταῦθα
770 541 977 610 ἀνάγκη
1003 543 1102 595 τὸν
1133 542 1233 611 μὲν
1259 542 1613 610 ἐρωτώμενον
1638 543 1883 614 ἀπορεῖν,

189 632 319 693 τοὺς
359 627 419 683 δὲ
458 633 734 700 παρόντας
781 635 973 699 γελᾶν,
1023 630 1227 684 οὐδένα
1274 631 1335 684 δὲ
1382 631 1486 684 ἀπὸ
1539 642 1650 685 τῶν
1700 637 1883 701 λόγων

190 718 276 771 ε’πὶ
324 720 389 772 τὰ
435 720 651 788 πονηρὰ
699 719 865 787 κέρδη
906 718 1142 789 τρέχειν,
1197 719 1334 773 ἀλλὰ
1387 728 1499 773 πᾶν
1537 718 1879 775 τούναντίον.

190 806 611 876 ἐξεληλεγμένου
652 809 754 878 γὰρ
795 816 894 861 τοῦ
933 816 1166 877 ποιητοῦ
1199 809 1289 861 καὶ
1321 808 1527 876 γέλωτα
1559 809 1881 883 ὀφείλοντος

190 901 376 950 ἴσασιν
416 897 487 959 ὡς
526 897 592 950 οὐ
633 907 803 950 πᾶσιν
843 896 1187 965 ἐγχειρητέον
1227 899 1410 966 ε”ργοις
1449 895 1582 966 ἑξῆς.

301 985 384 1037 87.
429 986 587 1038 Οὕτω
627 985 717 1037 καὶ
758 986 883 1055 περὶ
924 987 1217 1054 Πινδάρου
1261 986 1568 1054 διαλέγεται
1616 987 1880 1050 δεδοικὼς

188 1074 358 1127 αὐτοῦ
398 1075 499 1142 τὴν
539 1075 771 1143 διδαχὴν
809 1073 899 1127 καὶ
940 1076 1289 1143 φοβούμενος
1334 1078 1407 1143 μή
1454 1096 1536 1138 τις
1587 1085 1697 1129 τῶν
1735 1075 1878 1128 νέων

187 1162 425 1226 ἀκούσας
466 1163 537 1225 ὡς
576 1163 902 1233 ὑπερτάτη
951 1162 1124 1233 χειρὶ
1173 1164 1460 1231 βιάζεται
1506 1165 1574 1217 τὸ
1617 1165 1878 1217 δίκαιον

186 1251 457 1321 ἀμελήσας
495 1261 606 1304 τῶν
645 1254 831 1321 νόμων
871 1251 1008 1322 ἀσκῇ
1047 1253 1121 1305 τὼ
1162 1261 1322 1323 χεῖρε.
1368 1251 1458 1306 καὶ
1497 1261 1660 1307 τοῦτο
1701 1253 1877 1316 οὕτως

187 1342 407 1403 εἰκότως
446 1341 722 1410 ὑφορᾶται
765 1342 1080 1410 Σωκράτης,
1122 1341 1194 1403 ὡς
1233 1341 1261 1394 ὁ
1301 1343 1618 1411 σοφώτατος
1645 1340 1876 1405 ’Ἄνυτος

186 1429 449 1499 ἐτόλμησε
488 1429 830 1499 μεταγράψαι
862 1431 922 1482 τὸ
956 1438 1056 1483 τοῦ
1089 1438 1319 1499 ποιητοῦ
1351 1431 1600 1498 καθάπερ
1635 1430 1695 1483 ἐν
1729 1431 1874 1483 Σκύ·

186 1523 318 1580 θαις
358 1518 751 1587 διαλεγομένου
791 1517 881 1571 καὶ
929 1519 1030 1571 οὐκ
1077 1518 1381 1586 εἰσομένοις
1429 1519 1772 1588 ἀνθρώποις,
1822 1520 1879 1572 τί

185 1603 287 1674 μὲν
315 1606 565 1676 Ἀνύτου,
604 1610 662 1659 τί
698 1605 757 1660 δὲ
798 1608 1105 1678 Πινδάρου.
1157 1607 1294 1660 ἀλλὰ
1339 1616 1502 1661 τοῦτο
1549 1605 1649 1677 μὲν
1697 1613 1875 1670 καλῶς

306 1787 358 1825 11
391 1783 523 1826 Pind.
556 1783 610 1826 fr.
640 1787 722 1826 169
763 1783 888 1839 apud
928 1782 1047 1826 Plat.
1082 1782 1218 1840 Gorg.
1258 1798 1302 1839 p.
1329 1783 1469 1827 484ss
1510 1784 1557 1827 et
1587 1787 1673 1827 488
1691 1783 1749 1836 Β;
1781 1782 1872 1839 leg.

185 1841 248 1885 IV
278 1857 323 1898 p.
353 1847 436 1885 714
454 1842 515 1896 D3
547 1842 611 1886 111
641 1857 685 1898 p.
713 1847 798 1886 690
816 1843 874 1896 B;
907 1842 1028 1886 Prot.
1063 1857 1107 1898 p.
1135 1842 1298 1896 337D3
1331 1841 1521 1886 Aristid.
1555 1844 1587 1886 t.
1612 1842 1655 1886 II
1687 1841 1795 1885 68D
1829 1841 1879 1885 cf

183 1901 328 1957 praef.
354 1916 398 1957 p.
425 1907 452 1945 4
575 1906 629 1945 14
658 1901 810 1945 Valer.
837 1901 898 1944 Μ.
922 1901 986 1945 VI
1010 1906 1036 1944 4
1062 1903 1151 1945 ext.
1178 1907 1216 1944 2.
1250 1902 1352 1957 LyS.
1378 1901 1433 1945 fr.
1461 1901 1579 1946 CXII
1611 1902 1680 1944 ed.
1707 1900 1873 1944 Thalh.

306 2069 327 2106 1
364 2062 577 2120 ὁμολογεῖ
606 2064 686 2107 καὶ
718 2065 825 2107 ante
857 2071 992 2108 τοῦτο
1026 2064 1322 2108 inserendum
1356 2064 1459 2107 coni
1483 2064 1566 2119 Re,
1599 2064 1676 2107 καὶ
1709 2062 1870 2107 Iacobs

183 2122 296 2166 Lect
330 2127 411 2166 197
445 2123 540 2167 Not
573 2127 628 2166 28
671 2125 677 2179 Ι
719 2129 854 2167 τοῦτο
880 2150 935 2155 -
961 2123 1244 2178 Σωκράτους
1284 2123 1483 2167 delenda
1523 2124 1627 2167 coni
1667 2122 1871 2166 Sintenis

189 2181 192 2235 ξ
238 2181 359 2226 ἔστιν
399 2182 591 2238 ἄρνησις
630 2181 816 2239 reposui
855 2196 879 2226 e
918 2181 1050 2226 libris
1092 2195 1196 2225 cum
1234 2183 1338 2240 Rog
1415 2183 1507 2227 ἔστι
1550 2182 1636 2239 γὰρ
1682 2181 1872 2237 ἄρνησις

183 2240 286 2284 Μοι·
301 2241 368 2284 Re
431 2242 554 2286 ἐστὶν
587 2241 847 2297 ἀπάρνησις
878 2242 981 2284 coni
1015 2241 1217 2285 Sintenis
1348 2247 1372 2284 2
1406 2241 1579 2286 οὔκουν
1611 2241 1714 2298 Rog
1740 2242 1746 2298 Ι
1775 2243 1871 2284 διο-

184 2299 362 2353 ρύσσων
396 2302 583 2345 AthUB
721 2305 745 2343 5
779 2301 834 2344 οὐ
867 2299 918 2344 δὲ
950 2301 1054 2344 coni
1085 2300 1245 2345 Iacobs
1276 2301 1372 2344 Not
1397 2304 1452 2343 28
1503 2303 1508 2356 Ι
1559 2299 1609 2344 δὲ
1642 2299 1813 2343 inserui
1845 2312 1871 2343 e

187 2359 276 2402 Ma
288 2359 332 2403 U
335 2360 466 2414 VaB,
500 2357 547 2402 δ’
583 2362 770 2403 auctore
802 2359 869 2402 Re
887 2359 989 2417 Rog
1051 2374 1125 2403 om
1151 2361 1244 2404 Ath
1275 2360 1376 2403 Mor
1392 2360 1459 2403 Re
1581 2364 1604 2402 6
1639 2358 1762 2408 εἰκὸς
1793 2371 1869 2401 ex·

185 2417 354 2461 cidisse
387 2419 491 2462 coni
516 2418 673 2462 Gasda
713 2421 718 2475 Ι
756 2425 852 2461 πᾶν
884 2419 1071 2474 reposui
1103 2433 1126 2461 e
1160 2419 1290 2462 libris
1323 2433 1427 2462 cum
1460 2418 1563 2476 Rog
1622 2418 1738 2472 πρὸς
1769 2417 1870 2460 Mor

184 2476 251 2520 Re
390 2482 412 2519 7
456 2476 680 2532 ὀφλόντος
719 2480 904 2521 auctore
943 2477 1129 2521 Nabero
1162 2478 1266 2535 Rog
1401 2483 1425 2521 8
1460 2477 1593 2533 ἔργον
1636 2477 1750 2521 VaB

186 2540 210 2579 9
242 2536 347 2590 περὶ
374 2535 617 2591 Πινδάρου
643 2536 808 2593 scripsi
833 2539 1021 2580 auctore
1048 2535 1205 2580 Gasda
1229 2551 1333 2580 cum
1357 2537 1461 2592 Rog
1521 2535 1734 2594 πινὸάρῳ
1759 2534 1868 2577 libri

184 2594 286 2638 Mor
301 2595 367 2638 Re
407 2597 412 2649 Ι
456 2595 589 2639 colon
620 2597 728 2652 post
759 2594 1018 2652 διαλέγεται
1052 2595 1161 2638 libri
1192 2595 1293 2639 Mor
1313 2596 1401 2651 Re,
1441 2595 1591 2638 delevi
1630 2609 1732 2637 cum
1765 2593 1869 2650 Rog

187 2654 197 2721 l
229 2653 316 2710 γὰρ
349 2655 456 2710 post
480 2655 701 2704 δεδοικὼς
731 2654 1026 2698 inserendum
1055 2655 1158 2698 coni
1182 2655 1250 2698 Re
1374 2659 1424 2697 11
1461 2653 1484 2698 ὁ
1517 2653 1656 2710 νόμος
1678 2653 1784 2708 post
1806 2652 1869 2703 ὡς

183 2713 380 2755 inseruit
426 2715 614 2757 auctore
659 2713 869 2757 Iacobsio
917 2713 1011 2757 Not
1051 2717 1106 2756 28
1154 2714 1256 2771 Rog
1338 2715 1388 2756 at
1434 2711 1701 2767 obloquitur
1746 2711 1775 2753 1.
1811 2715 1865 2753 12

185 2770 412 2828 ἀμελήσας
440 2779 532 2815 τῶν
557 2771 710 2828 νόμων
834 2777 887 2814 12
920 2774 1038 2828 ἀσκῇ
1070 2772 1233 2828 scripsi
1266 2774 1453 2815 auctore
1485 2771 1552 2814 Re
1577 2784 1681 2813 cum
1704 2770 1808 2826 Rog

184 2831 318 2875 ἀσκεῖ
344 2829 452 2874 libri
483 2830 585 2874 Mor
601 2831 668 2875 Re
710 2833 716 2886 Ι
759 2830 902 2880 οὕτως
932 2831 1107 2874 inserui
1139 2844 1164 2874 e
1195 2830 1327 2874 libris
1359 2844 1463 2874 cum
1496 2829 1598 2886 Rog
1660 2843 1735 2873 om
1765 2828 1868 2872 Mor

184 2889 251 2932 Re
359 2894 413 2932 15
439 2888 759 2945 διαλεγόμενος
784 2891 970 2932 auctore
995 2888 1151 2932 Gasda
1176 2889 1279 2946 Rog
1296 2891 1346 2932 at
1370 2889 1426 2932 ef.
1444 2888 1473 2932 1.
1494 2893 1518 2932 9
1628 2892 1681 2931 16
1707 2888 1789 2944 μὲν
1804 2889 1864 2944 (2)

182 2948 357 2992 inserui
389 2961 444 2992 ex
475 2949 663 2992 AthUB
724 2963 797 2992 om
831 2949 998 2992 MaVa
1029 2948 1120 2992 edd
