2026 3192
143 607 164 639 5

191 96 300 148 564
659 93 888 137 LIBANH
917 93 1309 138 DEGLAMATIO
1342 94 1427 138 XII

187 232 322 283 κατὰ
356 232 636 298 Σικελίαν,
675 231 880 292 πολλὰς
911 229 972 282 ἐν
1000 227 1382 301 Ἑλλησπόντῳ
1417 233 1634 299 σφαγὰς
1663 230 1753 284 καὶ
1783 235 1880 285 πό-

188 326 330 373 λεων
361 318 669 387 ἀναιρέσεις
699 325 981 386 πανταχοῦ
1021 326 1116 386 τῆς
1148 318 1474 388 οἰκουμένης
1505 319 1881 389 ἀπεργασάμε-

185 428 282 470 νος
322 408 564 469 ἅπαντας
604 406 932 475 ἀνάστησον.
973 408 1164 462 κοινὸν
1204 408 1409 460 ἅπασιν
1449 407 1743 472 ἀπόδειξον
1783 411 1881 462 τὸν

187 499 454 565 πόλεμον,
501 498 740 564 βασιλεῖ,
783 498 1259 563 Λακεδαιμονίοις,
1293 495 1626 566 Ἀθηναίοις,
1667 507 1782 560 τοῖς
1822 496 1880 550 ἐκ

191 588 473 652 Σικελίας,
513 593 629 647 τοῖς
676 584 781 637 ἀπὸ
829 592 924 653 τῆς
953 583 1146 653 Ἀσίας,
1195 586 1520 654 σατράπαις,
1560 586 1882 656 βαρβάροις,

174 673 418 742 ““Έλλησι,
458 681 626 726 πᾶσιν
667 673 1003 740 ἀνθρώποις.
1044 674 1129 726 54.
1162 676 1393 742 μίμησαι
1423 677 1525 743 τὴν
1555 673 1712 744 ’Ἐριν
1751 673 1882 728 ἐκεί-

187 783 293 830 νην
331 765 432 830 τὴν
466 760 763 830 Ὁμηρικὴν
801 762 834 830 ἣ
874 764 939 815 τὰ
978 772 1167 828 πρῶτα
1206 761 1274 816 ἐκ,
1306 764 1538 831 φαύλων
1575 763 1884 832 ὁρμηθεῖσα

187 859 298 904 πᾶν
337 852 398 904 τὸ
439 850 611 919 μέσον
651 851 897 919 οὐρανοῦ
936 871 994 904 τε
1026 850 1115 904 καὶ
1151 859 1249 919 γῆς
1280 859 1555 921 προϊοῦσα
1587 851 1881 923 ἐπλήρωσε.

187 943 387 994 τοῦτόν
433 960 527 1009 μοι
574 941 672 993 τὸν
717 949 905 1009 κῶμον
950 941 1086 993 κατὰ
1133 948 1228 1008 τῆς
1274 941 1600 1010 οἰκουμένης
1655 941 1883 1010 ἁπάσης,

98 1034 219 1079 RIV
239 1038 322 1078 198
363 1028 695 1096 Ἀλκιβιάδη,
750 1029 1023 1097 κώμασον.
1085 1036 1255 1082 ταῦτα
1309 1026 1396 1099 ἔχε
1453 1032 1700 1098 Τίμωνος
1751 1032 1817 1083 τὰ
1874 1030 1879 1100 Ι

123 1141 164 1173 11

123 1495 165 1528 15

189 1121 532 1187 συνθήματα.
587 1118 802 1170 τούτων
855 1117 1099 1187 μέμνησο
1154 1128 1266 1171 τῶν
1319 1121 1514 1186 λόγων.
1576 1129 1882 1188 παραχωρῶ

189 1224 277 1261 σοι
324 1215 418 1276 τῆς
471 1215 570 1259 τοῦ
625 1207 1033 1276 μισανθρώπου
1087 1211 1475 1278 προσηγορίας.
1529 1206 1620 1261 καὶ
1676 1205 1735 1260 σὲ
1781 1206 1884 1274 μὲν

189 1296 455 1349 ἐντεῦθεν
494 1294 619 1348 θεοὶ
661 1297 992 1364 φυλάττοιεν
1030 1304 1150 1358 ταῖς
1187 1297 1518 1364 μελλούσαις
1566 1298 1883 1366 ἀνθρώπων

190 1394 528 1455 συμφοραῖς,
576 1382 667 1453 ἐμὲ
715 1385 777 1438 δὲ
823 1385 926 1453 ἤδη
974 1404 1056 1447 τις
1107 1383 1195 1437 ἐπὶ
1234 1385 1332 1438 τὸν
1372 1385 1562 1455 ἕτερον
1603 1384 1883 1454 ἐρώμενον

190 1473 381 1542 ἀγέτω,
423 1480 520 1527 τὸν
560 1474 826 1526 θάνατον.

311 1639 334 1676 7
367 1634 418 1677 11.
454 1636 482 1677 ὃ
515 1634 599 1677 442
619 1649 687 1689 sq.

191 1782 412 1856 ἐξήγαγεν
439 1782 749 1828 GrHBMaC'l
781 1783 828 1825 et
859 1799 914 1839 γρ
946 1782 995 1825 in
1030 1797 1163 1840 marg
1195 1783 1297 1826 Mor
1374 1782 1568 1840 ἐγήγαγε
1593 1784 1642 1827 D
1714 1783 1882 1851 ‘Motya

191 1840 304 1898 γε’τω
337 1842 429 1885 edd
460 1842 517 1886 cf.
551 1842 611 1885 ad
643 1843 675 1885 t.
702 1842 745 1885 II
770 1846 869 1895 553,
890 1849 912 1886 1
940 1844 988 1887 ei:
1010 1844 1042 1887 t.
1069 1819 1159 1885 IVo
1157 1846 1258 1896 4)2,
1279 1846 1333 1886 18
1361 1845 1367 1897 Ι
1396 1842 1472 1886 ἐπὶ
1502 1843 1557 1899 τὴ
1560 1860 1587 1887 ν
1620 1841 1677 1886 ἕω
1710 1842 1882 1886 inserui

190 1901 457 1946 auctoribus
497 1901 708 1945 Iacobsio
740 1901 848 1944 Add
874 1906 958 1945 130
991 1902 1103 1946 Lech
1128 1906 1181 1944 97
1216 1903 1263 1945 et
1295 1901 1451 1945 Gasda
1529 1915 1602 1945 om
1641 1901 1753 1945 libri
1791 1902 1883 1946 edd

312 1966 333 2003 1
370 1960 632 2033 ἑλησπόντῳ
661 1961 776 2005 ΟνΗ
798 1963 805 2016 Ι
833 1960 1018 2017 σφαγὰς
1049 1961 1214 2017 scripsi
1245 1962 1434 2005 aucssore
1466 1961 1532 2004 Re
1595 1960 1750 2017 φυγὰς
1773 1960 1882 2004 libri

191 2019 282 2062 edd
309 2023 314 2076 Ι
343 2020 422 2063 καὶ
453 2017 632 2063 πόλεων
665 2019 925 2074 ἀναιρέσεις
949 2034 1022 2064 om
1049 2021 1098 2064 D
1220 2025 1244 2062 2
1278 2019 1461 2075 σφαγὰς
1491 2022 1599 2076 post
1623 2019 1883 2075 ἀναιρέσεις

193 2080 503 2124 ΟνΗΒΜαΟΖ
578 2078 728 2123 delevi
761 2081 950 2123 auctore
982 2079 1049 2122 Re
1100 2082 1105 2135 Ι
1154 2085 1234 2135 τῆς
1261 2081 1349 2123 Μα
1382 2078 1463 2123 sed
1494 2085 1550 2135 ῆς
1580 2079 1630 2123 in
1660 2093 1736 2123 ras
1769 2079 1838 2122 m²
1874 2084 1876 2137 1

191 2136 567 2194 ἀπεργασόμενος
599 2139 703 2182 coni
736 2137 892 2182 Gasda
1014 2142 1037 2180 7
1069 2145 1288 2193 ταπρῶτα
1315 2140 1403 2183 Μα
1537 2143 1588 2181 11
1623 2137 1882 2194 παθήματα

192 2198 237 2240 Β
383 2201 435 2239 12
467 2204 551 2241 τοῦ
583 2198 758 2241 inserui
791 2212 814 2241 e
846 2197 979 2241 libris
1043 2211 1117 2241 om
1150 2198 1241 2242 edd
1401 2202 1453 2241 13
1488 2197 1532 2242 οἱ
1565 2199 1672 2242 ante
1704 2198 1811 2241 θεοὶ
1838 2198 1880 2239 Β

195 2257 201 2312 l
237 2255 515 2312 φυλάττοιεν
531 2257 592 2301 ‘Ol
624 2257 704 2300 sed
738 2272 787 2300 εν
820 2257 912 2300 add
944 2256 1013 2299 m²
