2054 3192
550 158 775 203 LIBANII
807 158 1111 204 APOLOGIA
1142 159 1426 204 SOGRATIS
1758 161 1824 213 81

135 298 529 366 φθονήσαντος
582 290 661 348 ὧν
718 291 887 364 εἶχεν,
949 297 1010 348 τὸ
1066 292 1137 363 δ’,
1194 295 1343 363 εἴπερ
1406 291 1545 363 ἦγον
1606 299 1827 364 σχολήν,

138 385 365 439 ἐκείνων
402 386 437 453 ἥ
475 404 538 452 γε
569 385 679 453 μὴν
717 385 866 437 αἰτία
903 393 1014 437 τῶν
1051 386 1440 437 κεκωλυκότων
1480 386 1828 454 πραγμάτων.

138 475 227 527 καὶ
265 475 375 543 μὴν
419 474 690 526 τοσοῦτόν
736 492 798 541 γε
847 471 1032 542 ἀπεῖχε
1078 480 1178 526 τοῦ
1225 474 1457 541 φεύγειν
1508 474 1827 542 διώκοντας,

137 559 255 616 ὥστ’
302 562 486 625 ἐνίους
532 563 840 631 φεύγοντας
891 560 1132 615 ἐδίωκεν.
1187 562 1286 625 οὓς
1332 559 1392 614 δὲ
1439 572 1599 629 σφῶν
1645 562 1833 616 αὐτῶν

134 651 474 719 ἀμελοῦντας
514 650 784 719 εὕρισκεν,
825 650 1072 704 ἐπαινεῖν
1109 651 1211 717 μὲν
1250 651 1352 704 οὐκ
1392 646 1517 720 εἶχε,
1555 654 1828 720 μεμφόμε·
1875 672 1894 705 5

133 761 232 804 νος
269 738 330 793 δὲ
371 739 573 794 ἐλύπει.
628 738 748 793 ὥστ’
802 741 849 793 εἰ
889 747 1060 793 πᾶσιν
1094 738 1414 808 Ἀθηναίοις
1460 739 1667 809 ἐπῆλθε
1708 745 1829 793 Σω-

134 830 320 899 κράτει
361 829 757 899 συνημερεύειν
797 827 1170 892 ἀνθέλκοντος
1207 829 1462 897 οὐδενός,
1512 831 1720 898 ἤκουον
1760 829 1829 883 ἂν

135 919 272 988 ἅπερ
314 919 367 971 οἱ
405 917 537 972 νέοι.
577 925 748 971 ταῦτα
788 915 849 971 δὲ
887 914 957 986 ἦν
988 918 1302 987 μανθάνειν
1331 918 1434 985 μὲν
1464 919 1598 971 ἅττα
1638 918 1829 986 λέγου-

133 1021 228 1060 σιν
267 1008 319 1060 οἱ
358 1010 605 1076 ποιηταί,
652 1012 941 1076 μιμεῖσθαι
982 1007 1042 1060 δὲ
1081 1009 1212 1069 τοὺς
1257 1009 1595 1076 κυβερνήτας
1634 1006 1724 1060 καὶ
1763 1009 1828 1060 τὰ

135 1096 353 1150 ὕπουλα
378 1096 756 1165 φυλάττεσθαι
788 1104 900 1149 τῶν
932 1095 1078 1149 ἐπῶν
1110 1097 1292 1165 ὥσπερ
1327 1096 1526 1149 ἐκεῖνοι
1559 1097 1655 1159 τὰς
1684 1097 1828 1165 ὑφά-
1854 1117 1895 1150 ιο

137 1190 283 1248 λους.

249 1274 369 1327 121.
419 1272 576 1327 Ἀλλὰ
604 1276 671 1327 ’τί
704 1275 981 1342 βούλεσθε
1021 1272 1145 1343 περὶ
1185 1281 1281 1342 τῆς
1312 1273 1558 1343 Ἀθηνᾶς,
1597 1271 1639 1328 ὦ
1680 1273 1829 1344 Ἀθη-

132 1372 300 1432 ναῖοι,
339 1370 628 1416 πιστεῦσαι
667 1363 841 1426 εὐθὺς
880 1365 1011 1426 τοὺς
1057 1363 1354 1431 ὑμετέρους
1401 1363 1565 1432 υἱεῖς,
1616 1364 1689 1426 ὡς
1741 1363 1828 1416 ἆν-

133 1453 368 1521 θρώπου
409 1452 584 1521 φύσιν
621 1452 880 1505 ὑποδῦσα
920 1452 1020 1505 τὸν
1061 1452 1364 1521 Πάνδαρον
1410 1453 1595 1521 ἤγειρε
1639 1471 1641 1521 3
1723 1457 1844 1500 RIII
1861 1462 1917 1501 42

133 1540 360 1610 συγχέαι
400 1544 531 1604 τοὺς
570 1541 794 1611 ὅρκους,
832 1541 922 1594 καὶ
961 1539 1088 1611 περὶ
1127 1548 1223 1609 τῆς
1249 1539 1426 1608 “”Ήρας
1465 1541 1538 1603 ὡς
1577 1541 1685 1594 ὑπὸ
1726 1549 1825 1594 τοῦ
1853 1563 1895 1595 15

133 1631 274 1693 Διὸς
312 1629 758 1698 ἀγανακτοῦντος
795 1633 1132 1700 κρεμασθείη
1172 1632 1419 1699 χοίνικας
1464 1627 1692 1699 ἔχουσα,
1739 1630 1828 1682 καὶ

134 1718 259 1788 περὶ
307 1727 402 1788 τῆς
452 1718 774 1789 Ἀφροδίτης
821 1719 894 1782 ὡς
941 1726 1049 1773 νῦν
1086 1719 1189 1786 μὲν
1235 1719 1549 1788 μαστροπὸς
1591 1717 1830 1783 Ἀλεξάν-

256 1884 279 1923 7
314 1879 427 1924 Xen.
462 1893 627 1924 comm.
650 1880 672 1923 I
703 1884 746 1935 4,
765 1885 788 1924 1
937 1883 991 1923 10
1025 1879 1083 1923 cf.
1116 1882 1150 1923 t.
1174 1879 1238 1923 IV
1269 1884 1340 1931 45,
1360 1884 1415 1924 26
1433 1879 1495 1932 R3
1527 1881 1560 1924 t.
1586 1879 1650 1922 IV
1682 1884 1783 1933 363,
1803 1885 1828 1923 5

255 1943 311 1983 14
341 1939 394 1982 Π.
428 1943 457 1984 δ
488 1943 542 1983 81
562 1954 629 1996 sq.
662 1939 781 1983 Plat.
806 1953 903 1995 rep.
929 1938 971 1982 Π
994 1954 1040 1996 p.
1067 1943 1174 1993 3773
1208 1938 1347 1982 379E
1473 1943 1525 1983 15
1557 1938 1609 1982 11.
1636 1955 1660 1983 ο
1688 1943 1742 1982 18
1761 1953 1828 1995 sq.

265 2003 318 2042 16
349 1999 492 2042 Arist.
525 1998 648 2042 Plut.
674 2003 774 2043 276.
807 1998 936 2042 Dem.
969 2014 1013 2055 p.
1039 2003 1139 2053 270,
1159 2003 1184 2043 8
1308 2002 1362 2042 17
1394 1998 1445 2041 Il.
1472 2015 1498 2055 γ
1532 2003 1616 2042 383
1636 2013 1702 2054 sq.

259 2152 281 2190 1
324 2142 446 2205 εἶχεν
486 2146 651 2203 scripsi
690 2146 958 2190 auctoribus
997 2146 1206 2191 Iacobsio
1239 2149 1286 2190 et
1318 2145 1500 2191 Sinteni
1563 2143 1687 2204 εἶχον
1719 2146 1829 2190 libri

133 2205 228 2249 edd
256 2209 261 2259 Ι
288 2213 350 2249 τῶ
384 2207 474 2250 Μα
501 2211 505 2260 Ι
534 2200 650 2262 ἦγον
678 2207 768 2250 Μα
798 2206 880 2250 sed
911 2223 996 2263 γον
1027 2206 1076 2250 in
1107 2219 1182 2250 ras
1206 2205 1277 2249 m²
1338 2201 1465 2264 εἶχον
1496 2206 1566 2250 Va
1598 2208 1646 2249 et
1668 2205 1829 2250 Iacobs

136 2265 249 2308 Lect
275 2269 358 2308 199
391 2266 497 2321 App
521 2265 633 2309 Pors
660 2269 743 2309 321
868 2270 892 2308 2
927 2263 1117 2310 ἐκείνων
1150 2265 1316 2322 scripsi
1347 2279 1373 2309 e
1406 2265 1637 2310 MaAthB
1670 2267 1827 2310 aucto·

140 2324 268 2397 ribus
298 2324 508 2392 Iacobsiq
541 2326 589 2392 eij
620 2324 800 2397 Simoni
831 2338 936 2399 pum
967 2325 1070 2397 Rlog
1094 2384 1103 2392 ι
1131 2323 1292 2427 ἐκείιὲρ
1326 2325 1443 2370 UVa
1474 2324 1662 2398 M01·'Ree
1684 2326 1691 2382 1
1719 2323 1748 2379 ἤ
1780 2340 1830 2398 γε

136 2382 568 2487 fflzb‘zstfficssfflfffs
570 2399 587 2426 ¹
595 2401 698 2499 ΛΞΡ
708 2384 1042 2488 ⁷f20‘z223‘12‘202
1067 2384 1237 2487 ἓξὲξ
1274 2384 1326 2487 {a
1349 2383 1424 2499 μῗξ,
1447 2382 1676 2500 δεῗγῗηρὴῖ
1700 2384 1829 2487 ΞΞΞΞΞ

137 2501 298 2545 Iacobs
329 2501 425 2545 Not
457 2505 512 2545 38
633 2508 661 2546 4
694 2499 885 2547 ἐδίωκεν
912 2504 1002 2548 Ma
1033 2503 1114 2546 sed
1140 2501 1152 2517 '
1177 2517 1244 2546 ωκ
1274 2502 1322 2545 in
1352 2516 1427 2546 ras
1458 2501 1529 2544 m²
1648 2507 1674 2545 5
1707 2501 1829 2557 εὕρι-

137 2575 247 2605 σκεν
285 2561 471 2617 reposui
503 2574 530 2605 e
567 2561 699 2605 libris
738 2575 843 2605 cum
874 2562 979 2619 Rog
1055 2561 1248 2618 εὕρηκεν
1280 2561 1382 2605 Mor
1397 2561 1466 2606 Ro
1587 2565 1612 2604 6
1654 2561 1829 2617 ἐπῆλθε

141 2621 230 2664 Μα
261 2620 343 2663 sed.
376 2636 396 2664 ε
414 2622 476 2677 (1)
500 2633 557 2664 ex
588 2637 620 2664 α
651 2634 752 2664 corr
774 2620 844 2664 m'
966 2626 990 2663 7
1024 2619 1084 2664 ἂν
1115 2621 1290 2664 inserui
1322 2620 1588 2664 auctoribus
1619 2620 1829 2664 Iacobsio

137 2679 234 2722 Not
266 2682 321 2723 38
361 2678 543 2723 Sinteni
580 2679 767 2723 Nabero
808 2694 914 2723 cum
945 2679 1048 2738 Rog
1124 2694 1198 2724 om
1237 2679 1346 2723 libri
1385 2679 1486 2723 Mor
1501 2680 1570 2723 Re
1706 2684 1732 2723 9
1772 2679 1829 2723 τὰ

134 2736 319 2782 ὕπουλα
370 2739 534 2794 scripsi
576 2741 764 2783 auctore
806 2739 1018 2783 Iacobsio
1057 2739 1164 2782 Add
1196 2743 1253 2782 84
1292 2738 1405 2782 Lect
1436 2743 1521 2782 200
1561 2737 1663 2782 coll.
1698 2738 1827 2782 Dem.

139 2810 230 2840 eor.
260 2811 306 2853 p.
333 2802 432 2852 327,
451 2802 505 2841 29
582 2797 642 2842 τὰ
671 2797 818 2842 πολλά
848 2798 956 2841 libri
980 2798 1081 2842 Mor
1096 2798 1164 2842 Re
1197 2797 1278 2853 qui
1310 2797 1551 2853 τάπατηλὰ
1591 2798 1695 2841 coni
1770 2797 1828 2841 τὰ

138 2855 323 2911 πονηρὰ
355 2859 544 2901 auctore
575 2856 748 2901 Cobeto
787 2857 943 2901 Mnem
988 2857 1052 2900 111
1079 2862 1160 2900 151
1187 2856 1292 2913 Rog
1429 2861 1482 2899 12
1526 2857 1632 2912 περὶ
1664 2857 1829 2912 scripsi

197 2915 315 2969 πρὸς
343 2914 452 2959 libri
481 2915 572 2959 edd
631 2917 738 2971 περὶ
760 2921 843 2971 τῆς
871 2916 1070 2972 Ἀθηνᾶς
1100 2917 1210 2959 ante
1240 2922 1483 2959 πιστεῦσαι
1515 2916 1606 2960 edd
1678 2915 1829 2960 delevi

258 2978 313 3016 13
344 2971 414 3024 τίς
443 2981 685 3019 πιστεῦσαι
714 2975 809 3018 Ath
930 2980 984 3019 15
1016 2974 1224 3032 συγχέειν
1255 2976 1301 3019 Β

228 3055 424 3088 ΙΛΒΑΝΙσε
447 3056 504 3088 ed.
528 3056 766 3089 Foerster.
801 3058 846 3089 V.
1442 3052 1467 3091 6
