2026 3192
522 93 752 138 LIBANII
782 93 1042 138 LEGATIO
1077 93 1349 137 MENELAI
1712 95 1813 147 167

130 237 251 285 folio
284 236 351 284 36
385 234 548 284 verbis
578 252 637 282 τα
667 232 731 282 v&
768 232 1064 301 κατορθώνῃ
1105 232 1194 293 ὅ,τι
1233 230 1296 282 ἂν
1334 233 1594 298 βούληται,
1634 233 1715 283 καὶ
1753 233 1818 283 νὰ

129 310 398 373 νομίζωμεν
443 308 530 357 sed
576 309 758 356 desinit
804 308 966 357 versio
1011 308 1064 356 in
1107 308 1228 356 folio
1264 309 1359 356 57v
1396 308 1559 357 verbis
1599 307 1726 374 ἔγινε
1763 308 1816 358 τὸ

130 382 417 449 πονήρευμα
446 389 534 431 τοῦ
565 379 649 431 ἀλε

240 464 527 527 Sequuntur
549 464 634 514 fol.
664 465 766 512 137
793 469 881 512 τοῦ
905 461 959 512 ἐν
982 460 1140 529 ἁγίοις
1164 461 1346 528 πατρὸς
1378 459 1520 527 ἡμῶν
1550 463 1818 529 γρηγορίου

129 545 216 588 τοῦ
247 537 496 604 θεολόγον
527 537 597 596 εἰς
628 537 712 587 τὸν
744 535 927 602 πατέρα
958 544 1219 586 σιωπῶντα
1258 535 1340 585 διὰ
1377 537 1468 602 τὴν
1506 537 1702 604 πληγὴν
1733 533 1819 602 τῆς

127 612 334 678 χαλάζης
373 615 423 660 et
454 613 539 661 fol.
576 614 680 661 180
713 611 781 671 εἰς
812 611 897 661 τὸν
936 610 1312 677 εἰδωλογητικὸν
1343 608 1375 675 ἢ
1407 610 1517 677 περὶ
1549 612 1819 679 ἱερωσύνης

128 690 178 736 et
214 688 313 735 181
350 684 617 745 ἀνάπτυξις
647 693 735 735 τοῦ
768 685 1158 751 εἰδωλογητικοῦ.

237 769 438 831 Inspexi
469 783 599 817 anno
636 769 791 817 1903.

242 850 345 899 Soli
378 851 720 898 commentarii
752 852 947 898 exstant
976 851 1030 897 in
1061 848 1251 898 duobus
1284 849 1555 910 codicibus,
1588 849 1673 912 qui
1706 851 1821 897 sunt

241 933 324 981 35.
349 931 581 980 Athous
607 931 964 995 Δοξειαρίου
998 932 1104 979 264
1131 931 1418 979 chartaceus
1449 931 1638 978 formae
1664 933 1797 979 octa-
1823 935 1907 975 185

128 1023 220 1055 vae
243 1006 446 1054 maioris
470 1006 656 1054 saeculi
679 1005 848 1053 XVIII
873 1006 959 1068 qui
991 1007 1212 1054 continet
1241 1006 1518 1053 Danielis
1554 1004 1820 1054 Geramei

127 1080 347 1130 Patmii
377 1078 630 1146 ἐξηγήσεις
659 1081 713 1127 in
737 1079 934 1127 Libanii
968 1077 1144 1144 λόγους
1168 1077 1291 1146 πρὸς
1322 1078 1436 1138 τοὺς
1468 1086 1625 1145 τρῶας
1657 1082 1706 1127 et
1738 1097 1820 1143 με-

127 1152 269 1218 λέτην
300 1152 421 1219 ἔχων
456 1173 528 1212 τις
570 1157 783 1220 γυναῖκα
816 1147 946 1221 (639
966 1147 1031 1220 R)
1064 1156 1192 1202 teste
1227 1153 1369 1216 Spyr.
1402 1153 1615 1202 Lambro
1649 1147 1819 1220 (Cata-

129 1229 277 1293 logue
317 1228 373 1276 of
406 1229 489 1276 the
516 1227 676 1276 Greek
714 1228 1049 1291 Manuscripts
1089 1244 1153 1275 on
1190 1228 1369 1276 Mount
1401 1227 1563 1276 Athos
1589 1228 1614 1275 I
1636 1245 1683 1290 p.
1712 1229 1816 1276 262

126 1297 368 1369 n.2938)

239 1386 289 1432 et
330 1385 413 1434 36.
446 1383 678 1432 Athous
710 1382 1102 1447 Καρακάλλου
1138 1385 1242 1431 239
1286 1384 1574 1433 chartaceus
1605 1385 1795 1431 formae
1823 1389 1908 1428 186

129 1460 333 1507 octavae
364 1459 552 1507 saeculi
581 1457 753 1506 XVIII
785 1459 873 1521 qui
911 1459 1131 1506 continet
1169 1458 1299 1504 inter
1339 1458 1464 1506 alias
1504 1473 1728 1522 exegeses
1768 1460 1821 1505 in

130 1532 433 1597 Λιβανίου
472 1531 618 1598 πρὸς
659 1530 796 1591 τοὺς
838 1535 1037 1596 Τρῶας
1079 1530 1507 1596 πρεσβευτικὸν
1539 1528 1586 1580 α’
1616 1528 1680 1596 β’,
1711 1529 1822 1598 περὶ

129 1605 371 1655 δυσκόλου
402 1604 584 1672 ἀνδρὸς
615 1604 698 1654 καὶ
725 1600 1211 1670 Ἀποκηρυττομένου
1250 1605 1426 1671 λόγους
1459 1601 1605 1673 (ἔχων
1637 1625 1708 1665 τις
1737 1625 1821 1672 γυ-

131 1684 280 1728 ναῖκα
321 1682 425 1729 639
444 1674 511 1747 R)
551 1683 678 1729 teste
720 1681 891 1729 eodem
937 1680 1151 1728 Lambro
1190 1680 1278 1728 1.1.
1310 1680 1337 1728 I
1367 1697 1412 1742 p.
1443 1683 1544 1729 149
1588 1698 1634 1728 n.
1663 1682 1820 1729 1752.

240 1762 349 1809 Iam
380 1762 656 1813 accedimus
689 1763 752 1810 ad
785 1762 972 1810 codices
1006 1757 1413 1825 ‘eclogarios’,
1446 1763 1533 1824 qui
1575 1764 1632 1809 ut
1663 1761 1820 1810 diver-

128 1851 235 1883 sam
266 1837 456 1897 seriem,
487 1838 562 1884 ita
592 1839 856 1898 utramque
889 1836 1299 1884 declamationem
1330 1852 1430 1884 non
1454 1837 1506 1885 in
1537 1837 1712 1898 fronte,
1738 1836 1823 1884 sed

128 1911 292 1959 media
321 1912 375 1958 in
406 1912 529 1958 serie
562 1911 768 1959 diversis
800 1911 921 1958 locis
954 1910 1198 1959 exhibent.

241 1984 402 2033 Huius
427 1986 620 2048 generis
646 1987 761 2032 sunt
784 1985 998 2046 primum
1025 1983 1124 2033 duo
1148 1984 1354 2046 codices,
1385 1984 1437 2031 in
1462 1984 1642 2047 quibus
1668 2000 1822 2046 aeque

131 2061 279 2120 atque
311 2059 362 2106 in
393 2058 620 2108 Parisino
652 2060 793 2107 3019
821 2051 898 2124 (cf
925 2075 970 2120 p.
1001 2060 1106 2107 160
1130 2076 1175 2106 n.
1203 2052 1260 2125 8)
1293 2060 1502 2121 utraque
1527 2058 1822 2107 declamatio

126 2125 373 2196 Ἀχιλλέως
411 2131 691 2199 ἀντιλογίαν
729 2133 780 2180 in
821 2134 982 2180 fronte
1021 2134 1238 2195 positam
1277 2133 1514 2181 continuo
1554 2132 1632 2180 vel
1672 2133 1822 2194 paulo

129 2209 244 2270 post
273 2209 519 2271 sequitur:

244 2289 328 2337 37.
360 2289 799 2337 Vallicellanus
824 2288 864 2335 F
887 2290 952 2335 14
979 2304 1103 2336 saec.
1122 2288 1240 2336 XVI
1262 2288 1348 2336 fol.
1369 2288 1463 2335 53v
1488 2290 1538 2336 et
1558 2289 1664 2337 70V.
1696 2287 1823 2339 Vide

130 2363 166 2410 t.
189 2362 241 2409 Π
271 2380 318 2425 p.
347 2364 449 2411 196

243 2445 292 2490 et
325 2444 408 2491 38.
442 2443 672 2490 Athous
703 2442 919 2491 Iberon
955 2444 1057 2491 186
1093 2458 1216 2492 saec.
1243 2443 1334 2489 XV
1365 2443 1450 2491 fol.
1480 2445 1584 2491 194
1617 2446 1668 2491 et
1702 2444 1824 2492 213.

130 2515 257 2564 Vide
287 2518 323 2565 t.
348 2516 401 2564 H
430 2533 477 2578 p.
505 2518 609 2565 228
629 2531 699 2579 sq.

243 2597 402 2646 Multo
441 2598 644 2647 maioris
683 2598 944 2662 dignitatis
977 2601 1095 2646 sunt
1137 2598 1328 2647 codices
1377 2600 1464 2660 qui
1510 2598 1704 2661 eclogas
1744 2597 1823 2645 de·

134 2670 486 2720 clamationum
510 2688 608 2719 non
632 2673 792 2720 solum
825 2672 1090 2734 ampliores
1123 2672 1207 2720 sed
1232 2672 1384 2720 etiam
1413 2672 1682 2720 lectionum
1713 2686 1823 2733 pro-

133 2743 291 2792 bitate
323 2747 611 2809 conspicuas
642 2746 894 2808 praebent.

138 2899 147 2908 ·
218 2825 380 2909 ’Inter
410 2842 533 2889 quos
564 2828 726 2889 primo
758 2827 866 2875 loco
898 2827 1229 2876 nominandus
1261 2830 1337 2875 est
1368 2827 1522 2875 codex
1549 2827 1627 2875 vel
1660 2829 1822 2878 aetate

133 2914 344 2963 insigms
