2026 3192
236 102 346 154 542
711 101 937 152 LIBANII
968 101 1359 146 DECLAMATIO
1391 102 1476 146 XII

234 238 419 303 μάτων
459 237 751 301 ἐξετείνετο
790 238 851 290 τὸ
891 247 1066 306 μῖσος,
1107 237 1190 290 ὅτι
1232 239 1298 306 δὴ
1338 239 1569 300 τούτους
1601 239 1660 291 οί
1691 240 1924 308 κατάρα-

234 346 319 378 τοι
358 327 495 392 πρὸς
534 329 636 394 τὴν
675 326 859 379 αὑτῶν
897 327 1120 395 μορφὴν
1152 325 1453 400 ἐξετύπουν
1489 328 1792 396 ἄνθρωποι.
1833 330 1925 381 καὶ

235 417 364 477 τοὺς
421 416 763 483 Αἰγυπτίους
816 413 1045 482 ἐμίσουν
1098 414 1222 483 μέν,
1277 418 1334 468 τί
1383 417 1487 486 γὰρ
1543 415 1643 468 οὐκ
1693 413 1925 483 ἔμελλον

237 502 571 571 ἀνθρώπους
611 504 794 567 ὄντας;
845 502 974 555 καθ’
1019 504 1080 555 ἓν
1121 504 1183 556 δὲ
1220 511 1384 556 τοῦτο
1426 504 1790 573 ἀπεδεχόμην,
1839 505 1923 558 ὅτι

190 614 208 645 5
235 593 303 660 δὴ
342 593 408 645 τὰ
447 601 559 644 τῶν
597 597 750 644 θεῶν
790 591 1072 660 ἀγάλματα
1111 592 1213 645 οὐκ
1254 591 1666 661 ἀνθρωποειδῆ,
1717 598 1923 663 θηριω-

233 680 494 750 δέστερον
533 680 597 733 δέ
631 701 756 734 τινα
790 678 985 750 ἔχοντα
1016 682 1114 734 τὸν
1145 682 1322 733 τύπον
1353 682 1746 747 κατεσκεύαζον
1777 685 1921 735 πολὺ

231 768 470 838 <πλέον>
524 779 636 823 τῶν
689 770 1007 838 ἀνθρώπων
1059 772 1190 832 τοὺς
1244 770 1415 832 κύνας
1475 769 1706 840 πρέπειν
1767 776 1924 833 θεοῖς

231 859 366 925 πρὸς
405 860 506 927 τὴν
545 860 792 912 εἰκασίαν
829 859 1235 921 πιστεύσαντες.
1308 859 1391 911 14.
1429 859 1680 928 ηὐχόμην
1719 857 1779 913 δὲ
1818 862 1920 928 τὴν

237 947 557 1010 Φαέθοντος
612 945 870 1017 διφρείαν
925 947 1215 1015 ἐπιστῆναί
1263 966 1394 1000 ποτε
1447 947 1537 1000 καὶ
1592 949 1690 1001 τὸν
1741 951 1921 1002 πολὺν

165 1059 208 1089 10
231 1037 615 1105 κατακλυσμὸν
654 1037 866 1090 ἐκεῖνον
906 1036 972 1090 ὃν
1012 1038 1065 1090 οἱ
1104 1037 1324 1105 ποιηταὶ
1369 1041 1698 1105 θρυλοῦσιν.
1755 1036 1923 1090 οὐδὲν

231 1126 335 1192 γὰρ
376 1123 446 1177 ἂν
483 1121 554 1193 ἦν
593 1125 984 1194 εὐτυχέστερον
1022 1124 1054 1193 ἢ
1094 1126 1155 1177 τὸ
1196 1126 1418 1193 σύμπαν
1456 1135 1567 1178 τῶν
1605 1125 1921 1194 ἀνθρώπων

230 1212 391 1280 γένος
444 1213 824 1283 ἀφανισθῆναι
880 1212 1014 1283 πυρὶ
1069 1214 1158 1266 καὶ
1215 1214 1421 1285 σιδήρῳ
1476 1212 1566 1266 καὶ
1621 1215 1783 1268 ὕδατι
1830 1216 1920 1268 καὶ

229 1303 330 1369 τὴν
369 1310 475 1370 γῆν
514 1301 693 1372 ὥσπερ
733 1322 883 1365 τινος
930 1305 1235 1371 νοσήματος
1282 1301 1660 1370 ἀπαλλαγῆναι
1707 1309 1920 1372 καθαρ-

230 1395 431 1443 θεῖσαν
469 1398 544 1462 τςό
583 1394 731 1460 πυρί.

165 1504 205 1534 15
346 1479 427 1532 15.
476 1483 658 1532 Ταῦτα
698 1478 1034 1548 ἐλογιζόμην,
1083 1487 1282 1533 τοῦτον
1321 1477 1455 1544 ἔζων
1502 1481 1598 1532 τὸν
1637 1481 1781 1549 βίον,
1834 1480 1920 1534 ἐπὶ

230 1569 499 1637 τοσαύτης
539 1570 736 1637 διῆγον
775 1569 1130 1637 εὐδαιμονίας
1176 1569 1266 1620 καὶ
1313 1569 1374 1621 τὸ
1425 1570 1595 1621 καλὸν
1634 1571 1921 1640 πρόσρημα

231 1657 707 1726 μισάνθρωπος
754 1658 1134 1731 ὠνομαζύμην,
1175 1655 1294 1710 ἀλλ’
1339 1657 1406 1710 οὐ
1454 1659 1638 1726 Τίμων
1676 1660 1773 1726 ἔτι,
1820 1661 1920 1727 τὴν

230 1749 609 1814 προσηγορίαν
656 1746 760 1798 ἀπὸ
807 1754 905 1799 τοῦ
961 1750 1168 1812 τρόπου
1216 1747 1661 1815 μεταλαμβάνων.
1717 1747 1836 1800 ἀλλ’
1889 1748 1918 1801 ὁ

231 1837 448 1903 φθόνος
495 1833 623 1888 καθ’
676 1835 831 1904 ἡμῶν
887 1841 1075 1904 ἴσχυσε
1129 1834 1219 1887 καὶ
1276 1836 1490 1904 δαίμων
1542 1855 1625 1897 τις
1678 1838 1920 1906 πονηρὸς

164 1947 205 1979 20
231 1923 497 1993 ἀνέτρεφέ
531 1943 639 1991 μου
679 1925 777 1976 τὸν
816 1925 941 1992 βίον
980 1922 1069 1976 καὶ
1102 1927 1364 1993 κρείττων
1406 1923 1620 1991 ἐγένετο
1660 1932 1755 1992 τῆς
1789 1924 1916 1993 ε’μῆς

349 2089 373 2127 6
417 2083 552 2127 Diod.
588 2084 675 2127 Sic.
708 2084 728 2126 I
760 2088 814 2127 86
856 2087 903 2127 et
939 2089 993 2128 87
1139 2089 1164 2128 8
1208 2084 1321 2128 Xen.
1357 2097 1517 2127 comm.
1552 2083 1615 2126 III
1650 2087 1760 2138 10,1

231 2148 256 2185 9
290 2142 347 2186 cf.
380 2145 412 2186 t.
437 2142 479 2185 II
504 2147 604 2197 218,
624 2148 648 2186 2
678 2145 683 2200 1
711 2143 817 2187 Luc.
846 2143 960 2188 Tim.
988 2148 1012 2196 ξ
1039 2148 1066 2185 4

351 2284 370 2319 1
418 2293 496 2332 μοι
537 2279 644 2332 post
686 2275 930 2329 ἐξετείνετό
956 2277 1005 2320 D
1037 2276 1129 2320 edd
1172 2276 1342 2330 delevi,
1387 2276 1463 2320 ἐπὶ
1505 2276 1628 2319 inser
1653 2276 1763 2320 Ma⁸

231 2342 256 2379 2
290 2337 443 2380 αὐτῶν
468 2337 526 2379 H
529 2336 747 2380 VaMaCl
888 2341 912 2378 3
947 2336 1189 2391 ἐμισοῦμεν
1222 2335 1323 2379 Mor
1465 2340 1492 2378 4
1524 2334 1676 2378 καθὲν
1698 2336 1775 2378 La

232 2401 256 2438 5
291 2395 348 2451 δὴ
381 2409 456 2438 0111
490 2395 558 2439 Va
693 2400 718 2437 6
753 2394 915 2451 ἔχοντα
946 2394 1028 2438 τὸν
1060 2394 1206 2438 τύπον
1239 2394 1403 2449 scripsi
1436 2407 1491 2437 ex
1519 2395 1576 2438 H
1582 2395 1742 2438 VLaB
1755 2395 1914 2438 VaMa

234 2455 284 2499 Ol
342 2454 424 2498 τὸν
455 2454 602 2498 τύπον
637 2454 800 2510 ἔχοντα
826 2455 874 2497 D
906 2454 994 2498 edd
1047 2457 1052 2508 1
1104 2453 1434 2505 κατεσκευάζον
1460 2454 1534 2497 La
1566 2453 1647 2496 sed
1679 2467 1727 2497 εσ
1759 2453 1807 2495 in
1837 2466 1913 2496 ras

231 2514 319 2557 eto
338 2526 391 2556 ex
408 2530 443 2555 ω
461 2526 597 2557 col-rs
625 2515 630 2569 Ι
658 2514 773 2556 πολὺ
792 2513 861 2556 Va
885 2512 966 2555 sed
991 2515 1013 2555 λ
1037 2512 1085 2555 in
1110 2526 1185 2555 ras
1202 2513 1271 2555 111⁴
1331 2513 1491 2556 πολλοὶ
1504 2512 1606 2556 HV
1725 2516 1747 2554 7
1773 2510 1914 2556 πλέον

229 2572 404 2616 inserui
466 2586 540 2615 om
557 2571 666 2615 libri
727 2569 950 2625 πρότερον
972 2572 1062 2615 edd
1155 2576 1180 2614 9
1200 2569 1419 2627 διφρείαν
1430 2572 1518 2614 Μα
1536 2571 1616 2614 sed
1631 2587 1666 2625 φ
1683 2571 1730 2613 in
1748 2586 1821 2613 ras
1844 2570 1914 2613 m³

351 2635 405 2674 10
435 2633 716 2684 θρυλλοῦσιν
746 2631 978 2675 VBMaCl
1013 2631 1103 2673 edd
1163 2633 1415 2685 θρυλλοῦσι
1447 2630 1517 2674 Va
1556 2630 1613 2673 cf.
1645 2645 1688 2685 p.
1717 2634 1815 2683 555,
1835 2635 1910 2682 193

230 2693 262 2734 t.
290 2690 330 2733 Π
354 2694 452 2742 403,
472 2695 519 2741 3;
552 2689 614 2733 IV
643 2694 836 2743 152,14;
870 2694 1042 2743 245,13
1166 2694 1215 2732 11
1253 2687 1310 2732 ἂν
1343 2703 1418 2732 om
1443 2690 1492 2732 D
1615 2693 1668 2731 13
1693 2702 1802 2732 voce
1825 2695 1911 2744 γῆν

232 2749 311 2791 des
338 2750 412 2792 La
443 2748 508 2792 fol
541 2753 595 2791 99
636 2763 754 2804 quae
794 2751 1049 2803 sequuntur
1087 2761 1233 2802 usque
1267 2749 1326 2791 ad
1358 2763 1401 2803 p.
1429 2753 1527 2800 547,
1549 2753 1600 2790 13
1646 2745 1913 2803 διαρραγείς

229 2865 334 2954 {JV
347 2851 654 2954 falliooaelimisso
679 2852 917 2907 perierunt
1038 2857 1091 2895 18
1119 2807 1248 2896 ἔκπῖἶ
1270 2853 1275 2907 ff
1304 2850 1550 2909 λαμβάνων
1576 2851 1644 2894 Va
1766 2854 1818 2892 19
1843 2847 1912 2905 τίς

333 2925 361 2953 α
425 2926 453 2953 α
505 2943 507 2947 .
