2026 3192
176 112 284 164 562
643 111 871 165 LIBANII
901 111 1291 156 DECLAMATIO
1324 111 1409 155 XII

177 245 267 299 καὶ
305 247 403 299 τὸν
434 245 736 315 Ὀλύμπιον
777 245 863 300 ἐπὶ
903 247 1077 318 τούτῳ
1114 251 1326 316 μᾶλλον
1364 247 1396 317 ἢ
1428 255 1492 317 τῇ
1524 252 1870 318 προσηγορίᾳ

176 337 464 403 μακαρίζω.
505 335 642 403 μέγα
682 333 740 388 δὲ
781 336 871 388 καὶ
909 344 1074 389 τοῦτο
1115 335 1329 408 ἐμαυτῷ
1371 337 1509 405 πρὸς
1548 341 1870 406 φιλοτιμίαν

178 425 416 492 ἡγοῦμαι
463 423 524 476 τὸ
578 421 650 475 δι’
695 421 1045 492 Ἀλκιβιάδην
1092 425 1442 478 ἀπόλλυσθαι
1497 427 1734 494 τήμερον
1779 424 1870 478 καὶ

178 515 461 581 πρόφασιν
499 509 647 581 ἔχειν
685 521 785 566 τοῦ
824 514 1077 566 θανάτου
1115 515 1215 567 τὸν
1253 511 1442 581 ἔρωτα.

136 625 155 658 5
291 601 376 653 49.
417 599 539 670 Ἄγε
594 602 688 670 δή,
744 598 785 654 ὦ
839 606 1068 670 γενναία
1118 605 1354 671 κεφαλή,
1410 612 1521 655 τῶν
1565 603 1873 655 καλλίστων

180 691 284 759 γὰρ
324 691 523 759 ἄρχεις,
563 694 692 753 τοὺς
733 690 977 760 ἐραστάς,
1016 694 1259 754 πολλοὺς
1305 691 1393 745 ἐπὶ
1448 693 1510 744 τὸ
1562 692 1873 761 βάραθρον,

179 782 421 842 πολλοὺς
469 780 554 832 ἐπὶ
609 781 670 832 τὸ
718 782 952 833 κώνειον
991 779 1323 849 Ἀθηναίων,
1379 779 1466 832 ἐπὶ
1513 781 1575 833 τὸ
1627 783 1875 849 Τίμωνος

180 868 525 937 παράδειγμα
565 871 695 931 τοὺς
735 871 870 931 σοὺς
909 868 1139 938 ἐραστὰς
1178 870 1288 937 ἄγε.
1330 871 1575 938 ζήλωσον
1613 870 1712 922 τὸν
1749 853 1875 937 ἡμέ-

181 976 343 1024 τερον
395 958 537 1024 βίον.
591 958 996 1026 μισάνθρωπον
1045 960 1251 1011 σαυτὸν
1296 957 1387 1011 καὶ
1443 961 1690 1028 Τίμωνος
1745 956 1877 1027 ἐρώ-

117 1070 160 1103 1ο
184 1066 353 1115 μενον
391 1048 625 1114 γνήσιον
665 1045 973 1109 ἀπόδειξον.
1013 1048 1135 1109 ἅλις
1174 1046 1335 1116 ἐχέτω
1377 1061 1466 1100 σοι
1506 1049 1572 1100 τὰ
1609 1055 1704 1115 τῆς
1743 1065 1876 1116 πορ-

182 1139 333 1197 νείας
380 1133 468 1187 καὶ
517 1143 612 1204 τῆς
658 1136 797 1204 πρὸς
842 1135 1178 1206 ἀνθρώπους
1234 1135 1461 1205 ὁμιλίας.
1517 1137 1713 1205 μηδενὶ
1766 1145 1878 1189 τῶν

185 1222 430 1291 ἐραστῶν
492 1224 785 1294 ἐπινεύσῃς
846 1224 1034 1293 μηκέτι
1096 1224 1223 1294 μηδ’
1285 1224 1355 1278 ἂν
1416 1226 1736 1294 σοφώτατός
1796 1244 1879 1287 τις

185 1312 501 1381 ἀνθρώπων
572 1313 831 1366 ἀπάντων
906 1314 1150 1383 τυγχάνῃ
1228 1313 1319 1367 καὶ
1390 1317 1492 1382 τὴν
1561 1315 1709 1382 παρὰ
1779 1321 1878 1367 τοῦ

188 1403 417 1455 Πυθίου
471 1404 782 1471 μαρτυρίαν
834 1404 1220 1471 προσειληφὼς
1273 1401 1399 1471 μηδ’
1462 1402 1532 1455 ἂν
1585 1411 1685 1456 τοῦ
1739 1404 1879 1465 Διὸς

122 1514 165 1547 15
188 1488 282 1560 ἔχῃ
323 1492 423 1559 τὴν
461 1493 855 1561 προσηγορίαν.
897 1491 981 1545 50.
1023 1490 1109 1544 ἐπὶ
1149 1493 1245 1555 τὰς
1276 1500 1542 1559 γυναῖκας
1572 1502 1684 1545 τῶν
1720 1490 1880 1559 Ἀθη-

189 1582 362 1632 ναίων
401 1588 465 1650 τῇ
505 1580 642 1650 ὥρᾳ,
693 1578 781 1633 ἐπὶ
819 1581 915 1643 τὰς
959 1583 1202 1650 μοιχείας
1249 1581 1556 1649 ἀπόχρησαι
1595 1588 1659 1650 τῇ
1699 1581 1881 1648 φύσει.

190 1669 396 1729 πάντας
427 1668 859 1734 Ἀλκμαιωνίὸας
907 1668 1201 1738 ἀπόφηνον
1247 1672 1377 1732 τοὺς
1405 1667 1714 1737 Ἀθηναίων
1760 1677 1878 1720 παῖ-

192 1758 302 1818 δας.
343 1757 478 1809 ὅλου
517 1776 612 1824 μοι
651 1764 820 1825 γενοῦ
860 1766 958 1810 τοῦ
999 1759 1179 1826 δήμου
1220 1761 1410 1828 πατήρ.
1462 1756 1552 1810 καὶ
1601 1761 1730 1820 τοὺς
1771 1760 1879 1809 Λα-

191 1845 558 1911 κεδαιμονίων
589 1847 834 1913 βασιλεῖς
873 1847 950 1908 εἰς
988 1847 1048 1899 τὸ
1074 1843 1314 1900 Ἀττικὸν
1351 1847 1693 1915 μετάστησον
1723 1845 1883 1915 γένος

126 1958 170 1990 20
194 1932 320 1986 ἀνθ’
361 1931 697 2003 (Ηρακλέους
737 1935 907 1987 αὐτὸν
935 1934 1275 2003 Ἀλκμαίωνα
1319 1933 1613 2003 ἐπιστήσας
1651 1934 1885 2004 προστά-

313 2083 340 2122 8
372 2079 541 2136 Phryn.
574 2080 771 2124 Monotr.
806 2094 922 2124 com.
954 2080 1010 2124 fr.
1034 2081 1077 2124 ΙΙ
1109 2085 1209 2135 587,
1236 2081 1327 2124 2Μ
1360 2080 1415 2136 (11
1440 2084 1524 2123 375
1547 2081 1599 2137 K)
1740 2084 1793 2122 13
1827 2078 1883 2122 cf.

195 2153 238 2194 p
269 2143 441 2192 117,15
564 2144 619 2182 20
652 2139 756 2183 Her
783 2139 868 2182 VH
892 2144 1035 2194 208,1

319 2277 341 2315 1
375 2279 510 2316 τοῦτο
551 2273 684 2327 Wolf
707 2274 755 2316 et
783 2273 886 2316 Mor
917 2272 998 2328 qui
1028 2273 1174 2332 τούτῳ
1200 2271 1494 2316 scribendum
1520 2272 1624 2316 coni
1646 2271 1743 2316 Not
1766 2270 1797 2315 f.
1823 2271 1887 2314 V

316 2336 342 2374 6
376 2331 442 2382 εἰς
473 2333 581 2376 ante
613 2332 721 2383 τοὺς
750 2331 860 2376 libri
892 2332 983 2376 edd
1044 2319 1195 2375 delevi
1259 2332 1441 2387 „malim
1472 2330 1628 2388 ἄρχεις
1658 2337 1755 2380 τοῖς
1785 2329 1888 2385 ἐρα-

200 2393 352 2440 σταῖς“
387 2390 455 2433 Re
587 2396 610 2434 7
650 2389 907 2447 Αθηναίων
938 2391 1126 2446 reposui
1157 2406 1182 2435 c
1212 2390 1344 2434 libris
1378 2390 1459 2434 scd
1491 2390 1722 2446 scriptura
1753 2389 1802 2432 in
1830 2389 1889 2434 Or

199 2462 365 2504 parum
396 2452 524 2493 certa
552 2452 599 2493 et
623 2463 706 2493 ουσ
731 2463 872 2506 supra
896 2467 960 2494 ων
989 2451 1100 2494 Μα3
1160 2448 1237 2494 Αθ
1237 2447 1434 2506 ηναίους
1457 2449 1548 2492 edd
1574 2448 1656 2492 sed
1680 2465 1735 2504 γρ
1758 2446 1888 2515 Αθη-

201 2506 348 2551 ναίων
380 2508 429 2551 in
461 2522 643 2564 marg
624 2509 725 2551 Mor
856 2513 909 2552 10
943 2508 1192 2561 ἀπόδειξον
1225 2508 1389 2564 scripsi
1420 2521 1445 2551 e
1479 2508 1643 2553 OrHD
1675 2510 1722 2551 et
1754 2523 1807 2563 γρ
1839 2507 1890 2549 in

202 2579 335 2623 marg
358 2567 459 2610 Mor
520 2566 1057 2620 ἀνάδειξονΒῘῙαΜαΟΖ
1077 2568 1171 2612 edd
1294 2572 1346 2611 12
1374 2567 1698 2616 ἐπινεύσαιςΒ
1727 2568 1732 2621 Ι
1759 2565 1819 2622 μὴ
1837 2562 1885 2608 δ’

203 2626 484 2670 HVaMaCl
604 2631 658 2670 13
684 2627 949 2682 ἀνθρώπων
974 2626 1196 2671 ἁπάντων
1221 2626 1386 2682 scripsi
1409 2640 1435 2670 c
1459 2627 1507 2670 D
1533 2627 1581 2669 et
1603 2643 1658 2681 γρ
1683 2626 1732 2668 in
1756 2637 1891 2681 marg

204 2683 305 2727 Mor
365 2686 634 2739 ἀνθρώπων
663 2686 781 2729 OrH
835 2684 1056 2730 ἁπάντων
1082 2686 1356 2730 BVaMaOl
1379 2685 1471 2728 edd
1594 2690 1647 2728 15
1671 2684 1783 2740 τῶν]
1807 2682 1891 2733 τὰς

205 2743 263 2786 H
317 2744 547 2800 scriptura
578 2745 627 2787 in
654 2745 713 2789 Cr
741 2758 908 2801 parum
941 2747 1069 2788 certa
1209 2749 1260 2786 16
1293 2743 1376 2800 τὴν
1409 2742 1535 2798 ὤραν
1563 2743 1771 2788 OrHDB

208 2805 261 2844 17
295 2802 539 2858 ἀπόφηναι
563 2804 613 2847 D
758 2808 810 2846 19
850 2803 1133 2860 μετάστησον
1166 2802 1300 2859 γένος
1330 2802 1495 2858 scripsi
1527 2804 1715 2845 auctore
1748 2801 1816 2843 Re

206 2860 500 2918 μετάστησον.
533 2869 670 2919 γενοῦ
702 2862 812 2905 libri
846 2862 935 2905 edd
1077 2867 1131 2906 20
1164 2862 1308 2906 αὐτὸν
1341 2861 1506 2917 scripsi
1538 2874 1562 2904 e
1590 2861 1832 2904 OrHDVa

206 2920 377 2964 ’σαύτὸν
404 2922 492 2964 Μα
554 2921 725 2964 σαυτὸν
752 2921 804 2966 Ol
865 2921 1017 2964 αὐτῶν
1042 2923 1087 2965 Β
1122 2921 1210 2964 edd
1273 2921 1432 2970 αὐτοῖς
1462 2919 1566 2964 coni
1598 2919 1665 2962 Re
